<?xml version="1.0" encoding="UTF-8"?>
<alto xmlns:xsi="http://www.w3.org/2001/XMLSchema-instance" xsi:noNamespaceSchemaLocation="http://schema.ccs-gmbh.com/metae/alto-1-4.xsd" xmlns:xlink="http://www.w3.org/1999/xlink">
	<Description>
		<MeasurementUnit>mm10</MeasurementUnit>
		<sourceImageInformation>
			<fileName>//hyperion/in/TravelEuropeana/1201003230/0001/000012.TIF</fileName>
		</sourceImageInformation>
		<OCRProcessing ID="OCRPROCESSING_1">
			<preProcessingStep>
				<processingSoftware>
					<softwareCreator>CCS Content Conversion Specialists GmbH, Germany</softwareCreator>
					<softwareName>CCS docWORKS</softwareName>
					<softwareVersion>6.4-1.5</softwareVersion>
				</processingSoftware>
			</preProcessingStep>
			<ocrProcessingStep>
				<processingSoftware>
					<softwareCreator>ABBYY (BIT Software), Russia</softwareCreator>
					<softwareName>FineReader</softwareName>
					<softwareVersion>7.1</softwareVersion>
				</processingSoftware>
			</ocrProcessingStep>
		</OCRProcessing>
	</Description>
	<Styles>
		<TextStyle ID="TXT_0" FONTSIZE="13" FONTFAMILY="Times New Roman"/>
		<TextStyle ID="TXT_1" FONTSIZE="8" FONTFAMILY="Fraktur"/>
		<TextStyle ID="TXT_2" FONTSIZE="13" FONTFAMILY="Times New Roman" FONTSTYLE="italics"/>
		<ParagraphStyle ID="PAR_CENTER" ALIGN="Center"/>
		<ParagraphStyle ID="PAR_LEFT" ALIGN="Left"/>
		<ParagraphStyle ID="PAR_BLOCK" ALIGN="Block"/>
	</Styles>
	<Layout>
		<Page ID="P12" PHYSICAL_IMG_NR="12" HEIGHT="1731" WIDTH="965" PRINTED_IMG_NR="2" PC="0.706">
			<TopMargin ID="P12_TM00001" HPOS="0" VPOS="0" WIDTH="965" HEIGHT="108">
				<TextBlock ID="P12_TB00001" HPOS="330" VPOS="64" WIDTH="305" HEIGHT="41" STYLEREFS="TXT_0 PAR_CENTER">
					<TextLine ID="P12_TL00001" HPOS="331" VPOS="64" WIDTH="304" HEIGHT="41">
						<String ID="P12_ST00001" HPOS="331" VPOS="64" WIDTH="107" HEIGHT="41" CONTENT="WgoUt." WC="0.45" CC="644744"/>
						<SP ID="P12_SP00001" HPOS="438" VPOS="105" WIDTH="33"/>
						<String ID="P12_ST00002" HPOS="471" VPOS="73" WIDTH="20" HEIGHT="20" CONTENT="o" WC="0.55" CC="4"/>
						<SP ID="P12_SP00002" HPOS="491" VPOS="105" WIDTH="44"/>
						<String ID="P12_ST00003" HPOS="535" VPOS="64" WIDTH="100" HEIGHT="39" CONTENT="*s|o|j#" WC="0.44" CC="6544465"/>
					</TextLine>
				</TextBlock>
				<TextBlock ID="P12_TB00002" HPOS="76" VPOS="68" WIDTH="22" HEIGHT="29" STYLEREFS="TXT_1 PAR_LEFT">
					<TextLine ID="P12_TL00002" HPOS="76" VPOS="68" WIDTH="22" HEIGHT="29">
						<String ID="P12_ST00004" HPOS="76" VPOS="68" WIDTH="22" HEIGHT="29" CONTENT="2" WC="1.00" CC="0"/>
					</TextLine>
				</TextBlock>
			</TopMargin>
			<LeftMargin ID="P12_LM00001" HPOS="0" VPOS="108" WIDTH="64" HEIGHT="1537"/>
			<RightMargin ID="P12_RM00001" HPOS="899" VPOS="108" WIDTH="66" HEIGHT="1537"/>
			<BottomMargin ID="P12_BM00001" HPOS="0" VPOS="1645" WIDTH="965" HEIGHT="86"/>
			<PrintSpace ID="P12_PS00001" HPOS="64" VPOS="108" WIDTH="835" HEIGHT="1537">
				<TextBlock ID="P12_TB00003" HPOS="64" VPOS="133" WIDTH="835" HEIGHT="1512" STYLEREFS="TXT_0 PAR_BLOCK">
					<TextLine ID="P12_TL00003" HPOS="78" VPOS="133" WIDTH="816" HEIGHT="46">
						<String ID="P12_ST00005" HPOS="78" VPOS="147" WIDTH="37" HEIGHT="22" CONTENT="re" WC="0.53" CC="44"/>
						<SP ID="P12_SP00003" HPOS="115" VPOS="169" WIDTH="24"/>
						<String ID="P12_ST00006" HPOS="139" VPOS="134" WIDTH="167" HEIGHT="39" CONTENT="åro.dock" WC="0.54" CC="44444444"/>
						<SP ID="P12_SP00004" HPOS="306" VPOS="173" WIDTH="20"/>
						<String ID="P12_ST00007" HPOS="326" VPOS="137" WIDTH="176" HEIGHT="42" CONTENT="nyttigare." WC="0.98" CC="4444444444"/>
						<SP ID="P12_SP00005" HPOS="502" VPOS="179" WIDTH="50"/>
						<String ID="P12_ST00008" HPOS="552" VPOS="133" WIDTH="107" HEIGHT="35" CONTENT="Sedan" WC="0.97" CC="44444"/>
						<SP ID="P12_SP00006" HPOS="659" VPOS="179" WIDTH="13"/>
						<String ID="P12_ST00009" HPOS="672" VPOS="137" WIDTH="45" HEIGHT="35" CONTENT="vi," WC="0.95" CC="444"/>
						<SP ID="P12_SP00007" HPOS="717" VPOS="179" WIDTH="16"/>
						<String ID="P12_ST00010" HPOS="733" VPOS="137" WIDTH="70" HEIGHT="32" CONTENT="ien" WC="0.95" CC="444"/>
						<SP ID="P12_SP00008" HPOS="803" VPOS="179" WIDTH="14"/>
						<String ID="P12_ST00011" HPOS="817" VPOS="134" WIDTH="58" HEIGHT="35" CONTENT="wål" SUBS_TYPE="HypPart1" SUBS_CONTENT="wålfignad" WC="0.48" CC="4446"/>
						<HYP HPOS="875" VPOS="134" WIDTH="19" CONTENT="-"/>
					</TextLine>
					<TextLine ID="P12_TL00004" HPOS="77" VPOS="180" WIDTH="819" HEIGHT="48">
						<String ID="P12_ST00012" HPOS="77" VPOS="180" WIDTH="113" HEIGHT="46" CONTENT="fignad" SUBS_TYPE="HypPart2" SUBS_CONTENT="wålfignad" WC="0.53" CC="444444"/>
						<SP ID="P12_SP00009" HPOS="190" VPOS="226" WIDTH="14"/>
						<String ID="P12_ST00013" HPOS="204" VPOS="180" WIDTH="116" HEIGHT="39" CONTENT="flund," WC="0.52" CC="544444"/>
						<SP ID="P12_SP00010" HPOS="320" VPOS="226" WIDTH="25"/>
						<String ID="P12_ST00014" HPOS="345" VPOS="181" WIDTH="126" HEIGHT="44" CONTENT="begynt" WC="0.97" CC="444444"/>
						<SP ID="P12_SP00011" HPOS="471" VPOS="226" WIDTH="20"/>
						<String ID="P12_ST00015" HPOS="491" VPOS="191" WIDTH="88" HEIGHT="23" CONTENT="wara" WC="0.53" CC="5444"/>
						<SP ID="P12_SP00012" HPOS="579" VPOS="226" WIDTH="14"/>
						<String ID="P12_ST00016" HPOS="593" VPOS="182" WIDTH="171" HEIGHT="32" CONTENT="omtånkte" WC="0.53" CC="44444444"/>
						<SP ID="P12_SP00013" HPOS="764" VPOS="226" WIDTH="14"/>
						<String ID="P12_ST00017" HPOS="778" VPOS="181" WIDTH="38" HEIGHT="47" CONTENT="på" WC="0.53" CC="44"/>
						<SP ID="P12_SP00014" HPOS="816" VPOS="228" WIDTH="13"/>
						<String ID="P12_ST00018" HPOS="829" VPOS="181" WIDTH="67" HEIGHT="35" CONTENT="wär" WC="0.53" CC="444"/>
					</TextLine>
					<TextLine ID="P12_TL00005" HPOS="77" VPOS="226" WIDTH="817" HEIGHT="46">
						<String ID="P12_ST00019" HPOS="77" VPOS="226" WIDTH="230" HEIGHT="45" CONTENT="hushållnings" WC="0.99" CC="444444444444"/>
						<SP ID="P12_SP00015" HPOS="307" VPOS="271" WIDTH="25"/>
						<String ID="P12_ST00020" HPOS="332" VPOS="226" WIDTH="241" HEIGHT="46" CONTENT="ophielpandc," WC="0.53" CC="444444444444"/>
						<SP ID="P12_SP00016" HPOS="573" VPOS="272" WIDTH="32"/>
						<String ID="P12_ST00021" HPOS="605" VPOS="226" WIDTH="57" HEIGHT="35" CONTENT="har" WC="0.95" CC="444"/>
						<SP ID="P12_SP00017" HPOS="662" VPOS="272" WIDTH="27"/>
						<String ID="P12_ST00022" HPOS="689" VPOS="228" WIDTH="64" HEIGHT="33" CONTENT="den" WC="0.95" CC="444"/>
						<SP ID="P12_SP00018" HPOS="753" VPOS="272" WIDTH="25"/>
						<String ID="P12_ST00023" HPOS="778" VPOS="227" WIDTH="116" HEIGHT="40" CONTENT="delen," WC="0.97" CC="444444"/>
					</TextLine>
					<TextLine ID="P12_TL00006" HPOS="77" VPOS="272" WIDTH="822" HEIGHT="47">
						<String ID="P12_ST00024" HPOS="77" VPOS="273" WIDTH="70" HEIGHT="35" CONTENT="fom" WC="0.54" CC="444"/>
						<SP ID="P12_SP00019" HPOS="147" VPOS="308" WIDTH="27"/>
						<String ID="P12_ST00025" HPOS="174" VPOS="274" WIDTH="92" HEIGHT="45" CONTENT="angår" WC="0.97" CC="44444"/>
						<SP ID="P12_SP00020" HPOS="266" VPOS="319" WIDTH="26"/>
						<String ID="P12_ST00026" HPOS="292" VPOS="272" WIDTH="243" HEIGHT="40" CONTENT="Landtbruket," WC="0.54" CC="444444444444"/>
						<SP ID="P12_SP00021" HPOS="535" VPOS="319" WIDTH="35"/>
						<String ID="P12_ST00027" HPOS="570" VPOS="274" WIDTH="74" HEIGHT="33" CONTENT="icke" WC="0.96" CC="4444"/>
						<SP ID="P12_SP00022" HPOS="644" VPOS="319" WIDTH="21"/>
						<String ID="P12_ST00028" HPOS="665" VPOS="274" WIDTH="133" HEIGHT="34" CONTENT="allenaft" WC="0.54" CC="44444444"/>
						<SP ID="P12_SP00023" HPOS="798" VPOS="319" WIDTH="22"/>
						<String ID="P12_ST00029" HPOS="820" VPOS="274" WIDTH="79" HEIGHT="34" CONTENT="rönt" WC="0.96" CC="4444"/>
					</TextLine>
					<TextLine ID="P12_TL00007" HPOS="76" VPOS="318" WIDTH="819" HEIGHT="46">
						<String ID="P12_ST00030" HPOS="76" VPOS="320" WIDTH="141" HEIGHT="43" CONTENT="mycket" WC="0.97" CC="544444"/>
						<SP ID="P12_SP00024" HPOS="217" VPOS="363" WIDTH="26"/>
						<String ID="P12_ST00031" HPOS="243" VPOS="319" WIDTH="122" HEIGHT="34" CONTENT="biftånd" WC="0.54" CC="4444444"/>
						<SP ID="P12_SP00025" HPOS="365" VPOS="363" WIDTH="27"/>
						<String ID="P12_ST00032" HPOS="392" VPOS="319" WIDTH="65" HEIGHT="33" CONTENT="och" WC="0.95" CC="444"/>
						<SP ID="P12_SP00026" HPOS="457" VPOS="363" WIDTH="26"/>
						<String ID="P12_ST00033" HPOS="483" VPOS="318" WIDTH="217" HEIGHT="46" CONTENT="förbättring," WC="0.99" CC="444454444444"/>
						<SP ID="P12_SP00027" HPOS="700" VPOS="364" WIDTH="24"/>
						<String ID="P12_ST00034" HPOS="724" VPOS="330" WIDTH="77" HEIGHT="25" CONTENT="utan" WC="0.96" CC="4444"/>
						<SP ID="P12_SP00028" HPOS="801" VPOS="364" WIDTH="16"/>
						<String ID="P12_ST00035" HPOS="817" VPOS="323" WIDTH="78" HEIGHT="36" CONTENT="ock," WC="0.96" CC="4444"/>
					</TextLine>
					<TextLine ID="P12_TL00008" HPOS="77" VPOS="363" WIDTH="819" HEIGHT="48">
						<String ID="P12_ST00036" HPOS="77" VPOS="364" WIDTH="34" HEIGHT="36" CONTENT="få" WC="0.48" CC="54"/>
						<SP ID="P12_SP00029" HPOS="111" VPOS="400" WIDTH="18"/>
						<String ID="P12_ST00037" HPOS="129" VPOS="365" WIDTH="62" HEIGHT="33" CONTENT="wål" WC="0.53" CC="444"/>
						<SP ID="P12_SP00030" HPOS="191" VPOS="400" WIDTH="27"/>
						<String ID="P12_ST00038" HPOS="218" VPOS="365" WIDTH="73" HEIGHT="34" CONTENT="hela" WC="0.96" CC="4444"/>
						<SP ID="P12_SP00031" HPOS="291" VPOS="400" WIDTH="19"/>
						<String ID="P12_ST00039" HPOS="310" VPOS="367" WIDTH="211" HEIGHT="32" CONTENT="Provinciers" WC="0.55" CC="44444444444"/>
						<SP ID="P12_SP00032" HPOS="521" VPOS="400" WIDTH="25"/>
						<String ID="P12_ST00040" HPOS="546" VPOS="363" WIDTH="69" HEIGHT="36" CONTENT="fom" WC="0.53" CC="444"/>
						<SP ID="P12_SP00033" HPOS="615" VPOS="400" WIDTH="20"/>
						<String ID="P12_ST00041" HPOS="635" VPOS="365" WIDTH="151" HEIGHT="46" CONTENT="enfkylte" WC="0.54" CC="44444444"/>
						<SP ID="P12_SP00034" HPOS="786" VPOS="411" WIDTH="25"/>
						<String ID="P12_ST00042" HPOS="811" VPOS="369" WIDTH="64" HEIGHT="32" CONTENT="Sok" SUBS_TYPE="HypPart1" SUBS_CONTENT="Soknars" WC="0.55" CC="4444"/>
						<HYP HPOS="875" VPOS="369" WIDTH="21" CONTENT="-"/>
					</TextLine>
					<TextLine ID="P12_TL00009" HPOS="76" VPOS="410" WIDTH="823" HEIGHT="47">
						<String ID="P12_ST00043" HPOS="76" VPOS="423" WIDTH="76" HEIGHT="23" CONTENT="nars" SUBS_TYPE="HypPart2" SUBS_CONTENT="Soknars" WC="0.54" CC="4444"/>
						<SP ID="P12_SP00035" HPOS="152" VPOS="446" WIDTH="26"/>
						<String ID="P12_ST00044" HPOS="178" VPOS="412" WIDTH="131" HEIGHT="34" CONTENT="lefnads" WC="0.53" CC="4444544"/>
						<SP ID="P12_SP00036" HPOS="309" VPOS="446" WIDTH="26"/>
						<String ID="P12_ST00045" HPOS="335" VPOS="412" WIDTH="65" HEIGHT="34" CONTENT="och" WC="0.95" CC="444"/>
						<SP ID="P12_SP00037" HPOS="400" VPOS="446" WIDTH="23"/>
						<String ID="P12_ST00046" HPOS="423" VPOS="410" WIDTH="197" HEIGHT="47" CONTENT="nåringsfdtt" WC="0.54" CC="44444444544"/>
						<SP ID="P12_SP00038" HPOS="620" VPOS="457" WIDTH="26"/>
						<String ID="P12_ST00047" HPOS="646" VPOS="413" WIDTH="68" HEIGHT="38" CONTENT="åro," WC="0.54" CC="4444"/>
						<SP ID="P12_SP00039" HPOS="714" VPOS="457" WIDTH="20"/>
						<String ID="P12_ST00048" HPOS="734" VPOS="413" WIDTH="39" HEIGHT="33" CONTENT="til" WC="0.95" CC="444"/>
						<SP ID="P12_SP00040" HPOS="773" VPOS="457" WIDTH="18"/>
						<String ID="P12_ST00049" HPOS="791" VPOS="413" WIDTH="108" HEIGHT="34" CONTENT="alman" WC="0.97" CC="44445"/>
					</TextLine>
					<TextLine ID="P12_TL00010" HPOS="75" VPOS="456" WIDTH="823" HEIGHT="46">
						<String ID="P12_ST00050" HPOS="75" VPOS="457" WIDTH="138" HEIGHT="39" CONTENT="båtnad," WC="0.98" CC="4544444"/>
						<SP ID="P12_SP00041" HPOS="213" VPOS="496" WIDTH="27"/>
						<String ID="P12_ST00051" HPOS="240" VPOS="457" WIDTH="257" HEIGHT="45" CONTENT="omftåndeligen" WC="0.53" CC="4455444444444"/>
						<SP ID="P12_SP00042" HPOS="497" VPOS="502" WIDTH="16"/>
						<String ID="P12_ST00052" HPOS="513" VPOS="456" WIDTH="180" HEIGHT="36" CONTENT="befkrifne." WC="0.54" CC="4444444444"/>
						<SP ID="P12_SP00043" HPOS="693" VPOS="502" WIDTH="47"/>
						<String ID="P12_ST00053" HPOS="740" VPOS="460" WIDTH="77" HEIGHT="33" CONTENT="Den" WC="0.95" CC="444"/>
						<SP ID="P12_SP00044" HPOS="817" VPOS="502" WIDTH="24"/>
						<String ID="P12_ST00054" HPOS="841" VPOS="472" WIDTH="38" HEIGHT="21" CONTENT="an" SUBS_TYPE="HypPart1" SUBS_CONTENT="andra" WC="0.95" CC="444"/>
						<HYP HPOS="879" VPOS="472" WIDTH="19" CONTENT="-"/>
					</TextLine>
					<TextLine ID="P12_TL00011" HPOS="77" VPOS="503" WIDTH="821" HEIGHT="41">
						<String ID="P12_ST00055" HPOS="77" VPOS="505" WIDTH="59" HEIGHT="33" CONTENT="dra" SUBS_TYPE="HypPart2" SUBS_CONTENT="andra" WC="0.95" CC="444"/>
						<SP ID="P12_SP00045" HPOS="136" VPOS="538" WIDTH="26"/>
						<String ID="P12_ST00056" HPOS="162" VPOS="504" WIDTH="115" HEIGHT="39" CONTENT="delen," WC="0.97" CC="444444"/>
						<SP ID="P12_SP00046" HPOS="277" VPOS="543" WIDTH="35"/>
						<String ID="P12_ST00057" HPOS="312" VPOS="504" WIDTH="69" HEIGHT="34" CONTENT="fom" WC="0.54" CC="444"/>
						<SP ID="P12_SP00047" HPOS="381" VPOS="543" WIDTH="28"/>
						<String ID="P12_ST00058" HPOS="409" VPOS="506" WIDTH="179" HEIGHT="32" CONTENT="innefattar" WC="0.98" CC="4444444444"/>
						<SP ID="P12_SP00048" HPOS="588" VPOS="543" WIDTH="31"/>
						<String ID="P12_ST00059" HPOS="619" VPOS="503" WIDTH="279" HEIGHT="41" CONTENT="Stadslefnaden," WC="0.54" CC="44444444444445"/>
					</TextLine>
					<TextLine ID="P12_TL00012" HPOS="77" VPOS="549" WIDTH="822" HEIGHT="41">
						<String ID="P12_ST00060" HPOS="77" VPOS="551" WIDTH="60" HEIGHT="33" CONTENT="har" WC="0.95" CC="444"/>
						<SP ID="P12_SP00049" HPOS="137" VPOS="584" WIDTH="17"/>
						<String ID="P12_ST00061" HPOS="154" VPOS="552" WIDTH="73" HEIGHT="32" CONTENT="icke" WC="0.96" CC="4444"/>
						<SP ID="P12_SP00050" HPOS="227" VPOS="584" WIDTH="16"/>
						<String ID="P12_ST00062" HPOS="243" VPOS="551" WIDTH="104" HEIGHT="33" CONTENT="heller" WC="0.97" CC="444444"/>
						<SP ID="P12_SP00051" HPOS="347" VPOS="584" WIDTH="15"/>
						<String ID="P12_ST00063" HPOS="362" VPOS="554" WIDTH="95" HEIGHT="30" CONTENT="trutit" WC="0.54" CC="444444"/>
						<SP ID="P12_SP00052" HPOS="457" VPOS="584" WIDTH="15"/>
						<String ID="P12_ST00064" HPOS="472" VPOS="549" WIDTH="117" HEIGHT="35" CONTENT="fkötfel" WC="0.52" CC="5444444"/>
						<SP ID="P12_SP00053" HPOS="589" VPOS="584" WIDTH="14"/>
						<String ID="P12_ST00065" HPOS="603" VPOS="551" WIDTH="65" HEIGHT="33" CONTENT="och" WC="0.95" CC="444"/>
						<SP ID="P12_SP00054" HPOS="668" VPOS="584" WIDTH="15"/>
						<String ID="P12_ST00066" HPOS="683" VPOS="551" WIDTH="90" HEIGHT="33" CONTENT="wård" WC="0.53" CC="4444"/>
						<SP ID="P12_SP00055" HPOS="773" VPOS="584" WIDTH="16"/>
						<String ID="P12_ST00067" HPOS="789" VPOS="566" WIDTH="8" HEIGHT="24" CONTENT=";" WC="0.48" CC="5"/>
						<SP ID="P12_SP00056" HPOS="797" VPOS="590" WIDTH="23"/>
						<String ID="P12_ST00068" HPOS="820" VPOS="560" WIDTH="79" HEIGHT="24" CONTENT="utaa" WC="0.53" CC="4444"/>
					</TextLine>
					<TextLine ID="P12_TL00013" HPOS="74" VPOS="596" WIDTH="825" HEIGHT="47">
						<String ID="P12_ST00069" HPOS="74" VPOS="608" WIDTH="58" HEIGHT="35" CONTENT="ger" WC="0.95" CC="444"/>
						<SP ID="P12_SP00057" HPOS="132" VPOS="643" WIDTH="24"/>
						<String ID="P12_ST00070" HPOS="156" VPOS="596" WIDTH="169" HEIGHT="35" CONTENT="alleftådes" WC="0.54" CC="4444444444"/>
						<SP ID="P12_SP00058" HPOS="325" VPOS="643" WIDTH="21"/>
						<String ID="P12_ST00071" HPOS="346" VPOS="596" WIDTH="174" HEIGHT="45" CONTENT="hugneliga" WC="0.54" CC="444444444"/>
						<SP ID="P12_SP00059" HPOS="520" VPOS="643" WIDTH="18"/>
						<String ID="P12_ST00072" HPOS="538" VPOS="596" WIDTH="240" HEIGHT="39" CONTENT="wedermålen," WC="0.53" CC="44444444444"/>
						<SP ID="P12_SP00060" HPOS="778" VPOS="643" WIDTH="26"/>
						<String ID="P12_ST00073" HPOS="804" VPOS="606" WIDTH="33" HEIGHT="24" CONTENT="at" WC="0.54" CC="44"/>
						<SP ID="P12_SP00061" HPOS="837" VPOS="643" WIDTH="18"/>
						<String ID="P12_ST00074" HPOS="855" VPOS="608" WIDTH="44" HEIGHT="22" CONTENT="en" WC="0.53" CC="44"/>
					</TextLine>
					<TextLine ID="P12_TL00014" HPOS="75" VPOS="642" WIDTH="824" HEIGHT="45">
						<String ID="P12_ST00075" HPOS="75" VPOS="643" WIDTH="181" HEIGHT="35" CONTENT="förbittrad" WC="0.98" CC="4744444444"/>
						<SP ID="P12_SP00062" HPOS="256" VPOS="678" WIDTH="30"/>
						<String ID="P12_ST00076" HPOS="286" VPOS="642" WIDTH="212" HEIGHT="45" CONTENT="hushållning" WC="0.99" CC="44444444444"/>
						<SP ID="P12_SP00063" HPOS="498" VPOS="687" WIDTH="24"/>
						<String ID="P12_ST00077" HPOS="522" VPOS="642" WIDTH="131" HEIGHT="44" CONTENT="jåmwål" WC="0.52" CC="444454"/>
						<SP ID="P12_SP00064" HPOS="653" VPOS="687" WIDTH="32"/>
						<String ID="P12_ST00078" HPOS="685" VPOS="642" WIDTH="60" HEIGHT="34" CONTENT="der" WC="0.95" CC="444"/>
						<SP ID="P12_SP00065" HPOS="745" VPOS="687" WIDTH="23"/>
						<String ID="P12_ST00079" HPOS="768" VPOS="645" WIDTH="131" HEIGHT="32" CONTENT="wunnit" WC="0.54" CC="444444"/>
					</TextLine>
					<TextLine ID="P12_TL00015" HPOS="74" VPOS="688" WIDTH="825" HEIGHT="48">
						<String ID="P12_ST00080" HPOS="74" VPOS="689" WIDTH="160" HEIGHT="47" CONTENT="burfkap." WC="0.54" CC="44444444"/>
						<SP ID="P12_SP00066" HPOS="234" VPOS="736" WIDTH="25"/>
						<String ID="P12_ST00081" HPOS="259" VPOS="690" WIDTH="55" HEIGHT="32" CONTENT="Wi" WC="0.54" CC="44"/>
						<SP ID="P12_SP00067" HPOS="314" VPOS="736" WIDTH="15"/>
						<String ID="P12_ST00082" HPOS="329" VPOS="689" WIDTH="98" HEIGHT="33" CONTENT="fakne" WC="0.53" CC="44444"/>
						<SP ID="P12_SP00068" HPOS="427" VPOS="736" WIDTH="15"/>
						<String ID="P12_ST00083" HPOS="442" VPOS="691" WIDTH="76" HEIGHT="31" CONTENT="icke" WC="0.96" CC="4444"/>
						<SP ID="P12_SP00069" HPOS="518" VPOS="736" WIDTH="16"/>
						<String ID="P12_ST00084" HPOS="534" VPOS="689" WIDTH="105" HEIGHT="33" CONTENT="heller" WC="0.97" CC="444444"/>
						<SP ID="P12_SP00070" HPOS="639" VPOS="736" WIDTH="14"/>
						<String ID="P12_ST00085" HPOS="653" VPOS="688" WIDTH="246" HEIGHT="46" CONTENT="befkrifningar" WC="0.54" CC="4444444444444"/>
					</TextLine>
					<TextLine ID="P12_TL00016" HPOS="75" VPOS="732" WIDTH="824" HEIGHT="40">
						<String ID="P12_ST00086" HPOS="75" VPOS="734" WIDTH="265" HEIGHT="36" CONTENT="ofverStåderne" WC="0.54" CC="4444444444444"/>
						<SP ID="P12_SP00071" HPOS="340" VPOS="770" WIDTH="15"/>
						<String ID="P12_ST00087" HPOS="355" VPOS="735" WIDTH="103" HEIGHT="33" CONTENT="iwårt" WC="0.54" CC="44444"/>
						<SP ID="P12_SP00072" HPOS="458" VPOS="770" WIDTH="21"/>
						<String ID="P12_ST00088" HPOS="479" VPOS="732" WIDTH="305" HEIGHT="40" CONTENT="k.Fädernesland," WC="0.99" CC="444644444444444"/>
						<SP ID="P12_SP00073" HPOS="784" VPOS="772" WIDTH="27"/>
						<String ID="P12_ST00089" HPOS="811" VPOS="733" WIDTH="28" HEIGHT="35" CONTENT="få" WC="0.50" CC="54"/>
						<SP ID="P12_SP00074" HPOS="839" VPOS="772" WIDTH="17"/>
						<String ID="P12_ST00090" HPOS="856" VPOS="735" WIDTH="43" HEIGHT="34" CONTENT="de" WC="0.55" CC="44"/>
					</TextLine>
					<TextLine ID="P12_TL00017" HPOS="76" VPOS="778" WIDTH="823" HEIGHT="38">
						<String ID="P12_ST00091" HPOS="76" VPOS="781" WIDTH="102" HEIGHT="34" CONTENT="florre" WC="0.53" CC="444444"/>
						<SP ID="P12_SP00075" HPOS="178" VPOS="815" WIDTH="17"/>
						<String ID="P12_ST00092" HPOS="195" VPOS="782" WIDTH="70" HEIGHT="32" CONTENT="fom" WC="0.53" CC="444"/>
						<SP ID="P12_SP00076" HPOS="265" VPOS="815" WIDTH="16"/>
						<String ID="P12_ST00093" HPOS="281" VPOS="785" WIDTH="41" HEIGHT="28" CONTENT="de" WC="0.54" CC="44"/>
						<SP ID="P12_SP00077" HPOS="322" VPOS="815" WIDTH="16"/>
						<String ID="P12_ST00094" HPOS="338" VPOS="780" WIDTH="139" HEIGHT="33" CONTENT="mindre." WC="0.98" CC="4444444"/>
						<SP ID="P12_SP00078" HPOS="477" VPOS="815" WIDTH="15"/>
						<String ID="P12_ST00095" HPOS="492" VPOS="785" WIDTH="10" HEIGHT="7" CONTENT="*" WC="0.52" CC="4"/>
						<SP ID="P12_SP00079" HPOS="502" VPOS="815" WIDTH="24"/>
						<String ID="P12_ST00096" HPOS="526" VPOS="778" WIDTH="119" HEIGHT="34" CONTENT="Ibland" WC="0.97" CC="444444"/>
						<SP ID="P12_SP00080" HPOS="645" VPOS="815" WIDTH="21"/>
						<String ID="P12_ST00097" HPOS="666" VPOS="781" WIDTH="77" HEIGHT="31" CONTENT="dem" WC="0.95" CC="444"/>
						<SP ID="P12_SP00081" HPOS="743" VPOS="815" WIDTH="17"/>
						<String ID="P12_ST00098" HPOS="760" VPOS="780" WIDTH="57" HEIGHT="34" CONTENT="har" WC="0.95" CC="444"/>
						<SP ID="P12_SP00082" HPOS="817" VPOS="815" WIDTH="15"/>
						<String ID="P12_ST00099" HPOS="832" VPOS="782" WIDTH="67" HEIGHT="34" CONTENT="ock" WC="0.95" CC="444"/>
					</TextLine>
					<TextLine ID="P12_TL00018" HPOS="77" VPOS="826" WIDTH="820" HEIGHT="45">
						<String ID="P12_ST00100" HPOS="77" VPOS="826" WIDTH="67" HEIGHT="34" CONTENT="Åbo" WC="0.95" CC="444"/>
						<SP ID="P12_SP00083" HPOS="144" VPOS="860" WIDTH="15"/>
						<String ID="P12_ST00101" HPOS="159" VPOS="826" WIDTH="72" HEIGHT="34" CONTENT="haft" WC="0.96" CC="4444"/>
						<SP ID="P12_SP00084" HPOS="231" VPOS="860" WIDTH="14"/>
						<String ID="P12_ST00102" HPOS="245" VPOS="827" WIDTH="65" HEIGHT="33" CONTENT="den" WC="0.95" CC="444"/>
						<SP ID="P12_SP00085" HPOS="310" VPOS="860" WIDTH="16"/>
						<String ID="P12_ST00103" HPOS="326" VPOS="826" WIDTH="143" HEIGHT="45" CONTENT="lyckan," WC="0.98" CC="4444444"/>
						<SP ID="P12_SP00086" HPOS="469" VPOS="871" WIDTH="29"/>
						<String ID="P12_ST00104" HPOS="498" VPOS="834" WIDTH="34" HEIGHT="24" CONTENT="at" WC="0.54" CC="44"/>
						<SP ID="P12_SP00087" HPOS="532" VPOS="871" WIDTH="14"/>
						<String ID="P12_ST00105" HPOS="546" VPOS="826" WIDTH="34" HEIGHT="32" CONTENT="af" WC="0.55" CC="44"/>
						<SP ID="P12_SP00088" HPOS="580" VPOS="871" WIDTH="21"/>
						<String ID="P12_ST00106" HPOS="601" VPOS="837" WIDTH="45" HEIGHT="21" CONTENT="nu" WC="0.53" CC="44"/>
						<SP ID="P12_SP00089" HPOS="646" VPOS="871" WIDTH="18"/>
						<String ID="P12_ST00107" HPOS="664" VPOS="827" WIDTH="154" HEIGHT="33" CONTENT="warande" WC="0.54" CC="4444444"/>
						<SP ID="P12_SP00090" HPOS="818" VPOS="871" WIDTH="15"/>
						<String ID="P12_ST00108" HPOS="833" VPOS="826" WIDTH="43" HEIGHT="34" CONTENT="Bi" SUBS_TYPE="HypPart1" SUBS_CONTENT="Bijkopen" WC="0.52" CC="444" STYLEREFS="TXT_2"/>
						<HYP HPOS="876" VPOS="826" WIDTH="21" CONTENT="-"/>
					</TextLine>
					<TextLine ID="P12_TL00019" HPOS="65" VPOS="870" WIDTH="833" HEIGHT="51">
						<String ID="P12_ST00109" HPOS="65" VPOS="871" WIDTH="128" HEIGHT="50" CONTENT="jkopen" SUBS_TYPE="HypPart2" SUBS_CONTENT="Bijkopen" WC="0.51" CC="544544" STYLEREFS="TXT_2"/>
						<SP ID="P12_SP00091" HPOS="193" VPOS="921" WIDTH="26"/>
						<String ID="P12_ST00110" HPOS="219" VPOS="872" WIDTH="12" HEIGHT="35" CONTENT="i" WC="0.55" CC="4" STYLEREFS="TXT_2"/>
						<SP ID="P12_SP00092" HPOS="231" VPOS="921" WIDTH="14"/>
						<String ID="P12_ST00111" HPOS="245" VPOS="871" WIDTH="109" HEIGHT="34" CONTENT="Skara" WC="0.97" CC="44445" STYLEREFS="TXT_2"/>
						<String ID="P12_ST00112" HPOS="367" VPOS="899" WIDTH="7" HEIGHT="11" CONTENT="," WC="0.54" CC="4"/>
						<SP ID="P12_SP00093" HPOS="374" VPOS="921" WIDTH="25"/>
						<String ID="P12_ST00113" HPOS="399" VPOS="870" WIDTH="227" HEIGHT="47" CONTENT="Hogwordige" WC="0.53" CC="4444444454" STYLEREFS="TXT_2"/>
						<SP ID="P12_SP00094" HPOS="626" VPOS="921" WIDTH="19"/>
						<String ID="P12_ST00114" HPOS="645" VPOS="870" WIDTH="100" HEIGHT="34" CONTENT="Herr" WC="0.96" CC="4444" STYLEREFS="TXT_2"/>
						<SP ID="P12_SP00095" HPOS="745" VPOS="921" WIDTH="10"/>
						<String ID="P12_ST00115" HPOS="755" VPOS="870" WIDTH="9" HEIGHT="51" CONTENT="(" STYLE="superscript" WC="0.51" CC="4" STYLEREFS="TXT_2"/>
						<String ID="P12_ST00116" HPOS="764" VPOS="873" WIDTH="134" HEIGHT="32" CONTENT="Dostor" WC="0.52" CC="544544" STYLEREFS="TXT_2"/>
					</TextLine>
					<TextLine ID="P12_TL00020" HPOS="77" VPOS="916" WIDTH="821" HEIGHT="43">
						<String ID="P12_ST00117" HPOS="77" VPOS="921" WIDTH="142" HEIGHT="32" CONTENT="Daniel" WC="0.97" CC="444444"/>
						<SP ID="P12_SP00096" HPOS="219" VPOS="953" WIDTH="26"/>
						<String ID="P12_ST00118" HPOS="245" VPOS="921" WIDTH="202" HEIGHT="38" CONTENT="Juslenius," WC="0.53" CC="4444444444"/>
						<SP ID="P12_SP00097" HPOS="447" VPOS="959" WIDTH="37"/>
						<String ID="P12_ST00119" HPOS="484" VPOS="921" WIDTH="9" HEIGHT="29" CONTENT="i" WC="0.55" CC="4"/>
						<SP ID="P12_SP00098" HPOS="493" VPOS="959" WIDTH="23"/>
						<String ID="P12_ST00120" HPOS="516" VPOS="929" WIDTH="40" HEIGHT="21" CONTENT="en" WC="0.54" CC="44"/>
						<SP ID="P12_SP00099" HPOS="556" VPOS="959" WIDTH="23"/>
						<String ID="P12_ST00121" HPOS="579" VPOS="916" WIDTH="202" HEIGHT="42" CONTENT="Academifk" WC="0.52" CC="544444454" STYLEREFS="TXT_2"/>
						<SP ID="P12_SP00100" HPOS="781" VPOS="959" WIDTH="25"/>
						<String ID="P12_ST00122" HPOS="806" VPOS="919" WIDTH="74" HEIGHT="32" CONTENT="T)ls" SUBS_TYPE="HypPart1" SUBS_CONTENT="T)lsfutation," WC="0.52" CC="44444" STYLEREFS="TXT_2"/>
						<HYP HPOS="880" VPOS="919" WIDTH="18" CONTENT="-"/>
					</TextLine>
					<TextLine ID="P12_TL00021" HPOS="71" VPOS="965" WIDTH="828" HEIGHT="46">
						<String ID="P12_ST00123" HPOS="71" VPOS="965" WIDTH="186" HEIGHT="46" CONTENT="futation," SUBS_TYPE="HypPart2" SUBS_CONTENT="T)lsfutation," WC="0.50" CC="644444445" STYLEREFS="TXT_2"/>
						<SP ID="P12_SP00101" HPOS="257" VPOS="1011" WIDTH="27"/>
						<String ID="P12_ST00124" HPOS="284" VPOS="965" WIDTH="108" HEIGHT="33" CONTENT="hållen" WC="0.97" CC="454444"/>
						<SP ID="P12_SP00102" HPOS="392" VPOS="1011" WIDTH="17"/>
						<String ID="P12_ST00125" HPOS="409" VPOS="965" WIDTH="65" HEIGHT="33" CONTENT="den" WC="0.95" CC="444"/>
						<SP ID="P12_SP00103" HPOS="474" VPOS="1011" WIDTH="18"/>
						<String ID="P12_ST00126" HPOS="492" VPOS="976" WIDTH="53" HEIGHT="22" CONTENT="ix." WC="0.51" CC="454"/>
						<SP ID="P12_SP00104" HPOS="545" VPOS="1011" WIDTH="16"/>
						<String ID="P12_ST00127" HPOS="561" VPOS="965" WIDTH="71" HEIGHT="41" CONTENT="Maj" WC="0.95" CC="444"/>
						<SP ID="P12_SP00105" HPOS="632" VPOS="1011" WIDTH="8"/>
						<String ID="P12_ST00128" HPOS="640" VPOS="967" WIDTH="9" HEIGHT="29" CONTENT="i" WC="0.54" CC="4"/>
						<SP ID="P12_SP00106" HPOS="649" VPOS="1011" WIDTH="19"/>
						<String ID="P12_ST00129" HPOS="668" VPOS="975" WIDTH="99" HEIGHT="30" CONTENT="1700," WC="0.54" CC="44444"/>
						<SP ID="P12_SP00107" HPOS="767" VPOS="1011" WIDTH="18"/>
						<String ID="P12_ST00130" HPOS="785" VPOS="965" WIDTH="114" HEIGHT="33" CONTENT="warda" WC="0.54" CC="44444"/>
					</TextLine>
					<TextLine ID="P12_TL00022" HPOS="78" VPOS="1008" WIDTH="819" HEIGHT="49">
						<String ID="P12_ST00131" HPOS="78" VPOS="1011" WIDTH="64" HEIGHT="34" CONTENT="wål" WC="0.49" CC="454"/>
						<SP ID="P12_SP00108" HPOS="142" VPOS="1045" WIDTH="22"/>
						<String ID="P12_ST00132" HPOS="164" VPOS="1012" WIDTH="140" HEIGHT="45" CONTENT="aftagen." WC="0.54" CC="44444444"/>
						<SP ID="P12_SP00109" HPOS="304" VPOS="1057" WIDTH="47"/>
						<String ID="P12_ST00133" HPOS="351" VPOS="1013" WIDTH="85" HEIGHT="31" CONTENT="Men" WC="0.95" CC="444"/>
						<SP ID="P12_SP00110" HPOS="436" VPOS="1057" WIDTH="19"/>
						<String ID="P12_ST00134" HPOS="455" VPOS="1020" WIDTH="32" HEIGHT="23" CONTENT="at" WC="0.54" CC="44"/>
						<SP ID="P12_SP00111" HPOS="487" VPOS="1057" WIDTH="14"/>
						<String ID="P12_ST00135" HPOS="501" VPOS="1009" WIDTH="139" HEIGHT="45" CONTENT="förtiga," WC="0.98" CC="44444444"/>
						<SP ID="P12_SP00112" HPOS="640" VPOS="1057" WIDTH="27"/>
						<String ID="P12_ST00136" HPOS="667" VPOS="1009" WIDTH="56" HEIGHT="34" CONTENT="det" WC="0.95" CC="444"/>
						<SP ID="P12_SP00113" HPOS="723" VPOS="1057" WIDTH="18"/>
						<String ID="P12_ST00137" HPOS="741" VPOS="1008" WIDTH="87" HEIGHT="36" CONTENT="deffe" WC="0.52" CC="44454"/>
						<SP ID="P12_SP00114" HPOS="828" VPOS="1057" WIDTH="21"/>
						<String ID="P12_ST00138" HPOS="849" VPOS="1023" WIDTH="32" HEIGHT="21" CONTENT="ar" SUBS_TYPE="HypPart1" SUBS_CONTENT="arbeten" WC="0.95" CC="444"/>
						<HYP HPOS="881" VPOS="1023" WIDTH="16" CONTENT="-"/>
					</TextLine>
					<TextLine ID="P12_TL00023" HPOS="77" VPOS="1056" WIDTH="819" HEIGHT="47">
						<String ID="P12_ST00139" HPOS="77" VPOS="1058" WIDTH="99" HEIGHT="34" CONTENT="beten" SUBS_TYPE="HypPart2" SUBS_CONTENT="arbeten" WC="0.97" CC="44444"/>
						<SP ID="P12_SP00115" HPOS="176" VPOS="1092" WIDTH="16"/>
						<String ID="P12_ST00140" HPOS="192" VPOS="1057" WIDTH="184" HEIGHT="35" CONTENT="merendels" WC="0.98" CC="444444444"/>
						<SP ID="P12_SP00116" HPOS="376" VPOS="1092" WIDTH="23"/>
						<String ID="P12_ST00141" HPOS="399" VPOS="1059" WIDTH="54" HEIGHT="31" CONTENT="åro" WC="0.54" CC="444"/>
						<SP ID="P12_SP00117" HPOS="453" VPOS="1092" WIDTH="24"/>
						<String ID="P12_ST00142" HPOS="477" VPOS="1057" WIDTH="38" HEIGHT="46" CONTENT="på" WC="0.54" CC="44"/>
						<SP ID="P12_SP00118" HPOS="515" VPOS="1103" WIDTH="24"/>
						<String ID="P12_ST00143" HPOS="539" VPOS="1059" WIDTH="98" HEIGHT="30" CONTENT="Latin" WC="0.97" CC="44444"/>
						<SP ID="P12_SP00119" HPOS="637" VPOS="1103" WIDTH="22"/>
						<String ID="P12_ST00144" HPOS="659" VPOS="1056" WIDTH="237" HEIGHT="40" CONTENT="lammanfatte," WC="0.52" CC="544444444444"/>
					</TextLine>
					<TextLine ID="P12_TL00024" HPOS="77" VPOS="1102" WIDTH="820" HEIGHT="47">
						<String ID="P12_ST00145" HPOS="77" VPOS="1104" WIDTH="111" HEIGHT="34" CONTENT="hafwa" WC="0.53" CC="44444"/>
						<SP ID="P12_SP00120" HPOS="188" VPOS="1138" WIDTH="20"/>
						<String ID="P12_ST00146" HPOS="208" VPOS="1104" WIDTH="40" HEIGHT="33" CONTENT="de" WC="0.55" CC="44"/>
						<SP ID="P12_SP00121" HPOS="248" VPOS="1138" WIDTH="26"/>
						<String ID="P12_ST00147" HPOS="274" VPOS="1105" WIDTH="84" HEIGHT="37" CONTENT="ock," WC="0.96" CC="4444"/>
						<SP ID="P12_SP00122" HPOS="358" VPOS="1142" WIDTH="27"/>
						<String ID="P12_ST00148" HPOS="385" VPOS="1103" WIDTH="68" HEIGHT="33" CONTENT="lom" WC="0.53" CC="444"/>
						<SP ID="P12_SP00123" HPOS="453" VPOS="1142" WIDTH="16"/>
						<String ID="P12_ST00149" HPOS="469" VPOS="1103" WIDTH="38" HEIGHT="33" CONTENT="til" WC="0.95" CC="444"/>
						<SP ID="P12_SP00124" HPOS="507" VPOS="1142" WIDTH="33"/>
						<String ID="P12_ST00150" HPOS="540" VPOS="1102" WIDTH="112" HEIGHT="34" CONTENT="ftorfta" WC="0.53" CC="4444444"/>
						<SP ID="P12_SP00125" HPOS="652" VPOS="1142" WIDTH="24"/>
						<String ID="P12_ST00151" HPOS="676" VPOS="1102" WIDTH="97" HEIGHT="34" CONTENT="delen" WC="0.97" CC="44444"/>
						<SP ID="P12_SP00126" HPOS="773" VPOS="1142" WIDTH="27"/>
						<String ID="P12_ST00152" HPOS="800" VPOS="1105" WIDTH="81" HEIGHT="44" CONTENT="utgif" SUBS_TYPE="HypPart1" SUBS_CONTENT="utgifne," WC="0.54" CC="444444"/>
						<HYP HPOS="881" VPOS="1105" WIDTH="16" CONTENT="-"/>
					</TextLine>
					<TextLine ID="P12_TL00025" HPOS="77" VPOS="1148" WIDTH="820" HEIGHT="47">
						<String ID="P12_ST00153" HPOS="77" VPOS="1162" WIDTH="55" HEIGHT="26" CONTENT="ne," SUBS_TYPE="HypPart2" SUBS_CONTENT="utgifne," WC="0.52" CC="444"/>
						<SP ID="P12_SP00127" HPOS="132" VPOS="1188" WIDTH="11"/>
						<String ID="P12_ST00154" HPOS="143" VPOS="1152" WIDTH="68" HEIGHT="30" CONTENT="förr" WC="0.96" CC="4544"/>
						<SP ID="P12_SP00128" HPOS="211" VPOS="1188" WIDTH="18"/>
						<String ID="P12_ST00155" HPOS="229" VPOS="1152" WIDTH="37" HEIGHT="29" CONTENT="ån" WC="0.53" CC="44"/>
						<SP ID="P12_SP00129" HPOS="266" VPOS="1188" WIDTH="17"/>
						<String ID="P12_ST00156" HPOS="283" VPOS="1153" WIDTH="44" HEIGHT="29" CONTENT="wi" WC="0.53" CC="44"/>
						<SP ID="P12_SP00130" HPOS="327" VPOS="1188" WIDTH="16"/>
						<String ID="P12_ST00157" HPOS="343" VPOS="1150" WIDTH="60" HEIGHT="31" CONTENT="fått" WC="0.96" CC="4564"/>
						<SP ID="P12_SP00131" HPOS="403" VPOS="1188" WIDTH="15"/>
						<String ID="P12_ST00158" HPOS="418" VPOS="1148" WIDTH="130" HEIGHT="47" CONTENT="oplyfta" WC="0.54" CC="4444444"/>
						<SP ID="P12_SP00132" HPOS="548" VPOS="1195" WIDTH="15"/>
						<String ID="P12_ST00159" HPOS="563" VPOS="1159" WIDTH="88" HEIGHT="34" CONTENT="ögon" WC="0.96" CC="4444"/>
						<SP ID="P12_SP00133" HPOS="651" VPOS="1195" WIDTH="16"/>
						<String ID="P12_ST00160" HPOS="667" VPOS="1148" WIDTH="230" HEIGHT="38" CONTENT="dårom,hwad" WC="0.54" CC="4544444444"/>
					</TextLine>
					<TextLine ID="P12_TL00026" HPOS="78" VPOS="1195" WIDTH="820" HEIGHT="46">
						<String ID="P12_ST00161" HPOS="78" VPOS="1197" WIDTH="93" HEIGHT="33" CONTENT="makt" WC="0.96" CC="4444"/>
						<SP ID="P12_SP00134" HPOS="171" VPOS="1230" WIDTH="22"/>
						<String ID="P12_ST00162" HPOS="193" VPOS="1196" WIDTH="254" HEIGHT="43" CONTENT="hushållningen" WC="0.99" CC="4444444444444"/>
						<SP ID="P12_SP00135" HPOS="447" VPOS="1239" WIDTH="28"/>
						<String ID="P12_ST00163" HPOS="475" VPOS="1195" WIDTH="141" HEIGHT="46" CONTENT="påliggtr" WC="0.53" CC="44444454"/>
						<SP ID="P12_SP00136" HPOS="616" VPOS="1241" WIDTH="18"/>
						<String ID="P12_ST00164" HPOS="634" VPOS="1221" WIDTH="7" HEIGHT="10" CONTENT="," WC="0.51" CC="4"/>
						<SP ID="P12_SP00137" HPOS="641" VPOS="1241" WIDTH="33"/>
						<String ID="P12_ST00165" HPOS="674" VPOS="1195" WIDTH="224" HEIGHT="45" CONTENT="fornåmligaft" WC="0.54" CC="444454444444"/>
					</TextLine>
					<TextLine ID="P12_TL00027" HPOS="79" VPOS="1241" WIDTH="817" HEIGHT="46">
						<String ID="P12_ST00166" HPOS="79" VPOS="1252" WIDTH="32" HEIGHT="24" CONTENT="at" WC="0.52" CC="44"/>
						<SP ID="P12_SP00138" HPOS="111" VPOS="1276" WIDTH="27"/>
						<String ID="P12_ST00167" HPOS="138" VPOS="1241" WIDTH="80" HEIGHT="46" CONTENT="fyfla" WC="0.52" CC="44444"/>
						<SP ID="P12_SP00139" HPOS="218" VPOS="1287" WIDTH="25"/>
						<String ID="P12_ST00168" HPOS="243" VPOS="1241" WIDTH="75" HEIGHT="33" CONTENT="med" WC="0.95" CC="444"/>
						<SP ID="P12_SP00140" HPOS="318" VPOS="1287" WIDTH="23"/>
						<String ID="P12_ST00169" HPOS="341" VPOS="1241" WIDTH="228" HEIGHT="33" CONTENT="ålderdomens" WC="0.99" CC="44444444444"/>
						<SP ID="P12_SP00141" HPOS="569" VPOS="1287" WIDTH="24"/>
						<String ID="P12_ST00170" HPOS="593" VPOS="1243" WIDTH="303" HEIGHT="41" CONTENT="minningsmårken" WC="0.53" CC="44444444454444"/>
					</TextLine>
					<TextLine ID="P12_TL00028" HPOS="80" VPOS="1286" WIDTH="818" HEIGHT="48">
						<String ID="P12_ST00171" HPOS="80" VPOS="1288" WIDTH="66" HEIGHT="34" CONTENT="och" WC="0.95" CC="444"/>
						<SP ID="P12_SP00142" HPOS="146" VPOS="1322" WIDTH="19"/>
						<String ID="P12_ST00172" HPOS="165" VPOS="1289" WIDTH="40" HEIGHT="33" CONTENT="de" WC="0.54" CC="44"/>
						<SP ID="P12_SP00143" HPOS="205" VPOS="1322" WIDTH="17"/>
						<String ID="P12_ST00173" HPOS="222" VPOS="1287" WIDTH="123" HEIGHT="46" CONTENT="gamlas" WC="0.97" CC="444444"/>
						<SP ID="P12_SP00144" HPOS="345" VPOS="1333" WIDTH="23"/>
						<String ID="P12_ST00174" HPOS="368" VPOS="1288" WIDTH="166" HEIGHT="45" CONTENT="åfwentyr" WC="0.53" CC="44444444"/>
						<SP ID="P12_SP00145" HPOS="534" VPOS="1333" WIDTH="15"/>
						<String ID="P12_ST00175" HPOS="549" VPOS="1302" WIDTH="8" HEIGHT="23" CONTENT=";" WC="0.54" CC="4"/>
						<SP ID="P12_SP00146" HPOS="557" VPOS="1333" WIDTH="28"/>
						<String ID="P12_ST00176" HPOS="585" VPOS="1286" WIDTH="33" HEIGHT="33" CONTENT="få" WC="0.52" CC="44"/>
						<SP ID="P12_SP00147" HPOS="618" VPOS="1333" WIDTH="25"/>
						<String ID="P12_ST00177" HPOS="643" VPOS="1296" WIDTH="30" HEIGHT="23" CONTENT="at" WC="0.54" CC="44"/>
						<SP ID="P12_SP00148" HPOS="673" VPOS="1333" WIDTH="18"/>
						<String ID="P12_ST00178" HPOS="691" VPOS="1288" WIDTH="86" HEIGHT="31" CONTENT="ånnu" WC="0.53" CC="4444"/>
						<SP ID="P12_SP00149" HPOS="777" VPOS="1333" WIDTH="16"/>
						<String ID="P12_ST00179" HPOS="793" VPOS="1289" WIDTH="105" HEIGHT="45" CONTENT="knapt" WC="0.53" CC="44444"/>
					</TextLine>
					<TextLine ID="P12_TL00029" HPOS="80" VPOS="1331" WIDTH="816" HEIGHT="37">
						<String ID="P12_ST00180" HPOS="80" VPOS="1347" WIDTH="41" HEIGHT="21" CONTENT="en" WC="0.52" CC="44"/>
						<SP ID="P12_SP00150" HPOS="121" VPOS="1368" WIDTH="17"/>
						<String ID="P12_ST00181" HPOS="138" VPOS="1335" WIDTH="79" HEIGHT="33" CONTENT="eller" WC="0.97" CC="44444"/>
						<SP ID="P12_SP00151" HPOS="217" VPOS="1368" WIDTH="17"/>
						<String ID="P12_ST00182" HPOS="234" VPOS="1346" WIDTH="105" HEIGHT="22" CONTENT="annan" WC="0.97" CC="44444"/>
						<SP ID="P12_SP00152" HPOS="339" VPOS="1368" WIDTH="18"/>
						<String ID="P12_ST00183" HPOS="357" VPOS="1334" WIDTH="78" HEIGHT="33" CONTENT="Stad" WC="0.96" CC="4444"/>
						<SP ID="P12_SP00153" HPOS="435" VPOS="1368" WIDTH="16"/>
						<String ID="P12_ST00184" HPOS="451" VPOS="1334" WIDTH="122" HEIGHT="33" CONTENT="blifvvit" WC="0.54" CC="44444444"/>
						<SP ID="P12_SP00154" HPOS="573" VPOS="1368" WIDTH="23"/>
						<String ID="P12_ST00185" HPOS="596" VPOS="1336" WIDTH="10" HEIGHT="29" CONTENT="i" WC="0.54" CC="4"/>
						<SP ID="P12_SP00155" HPOS="606" VPOS="1368" WIDTH="14"/>
						<String ID="P12_ST00186" HPOS="620" VPOS="1331" WIDTH="46" HEIGHT="34" CONTENT="får" WC="0.95" CC="444"/>
						<SP ID="P12_SP00156" HPOS="666" VPOS="1368" WIDTH="10"/>
						<String ID="P12_ST00187" HPOS="676" VPOS="1331" WIDTH="64" HEIGHT="33" CONTENT="och" WC="0.95" CC="444"/>
						<SP ID="P12_SP00157" HPOS="740" VPOS="1368" WIDTH="18"/>
						<String ID="P12_ST00188" HPOS="758" VPOS="1332" WIDTH="119" HEIGHT="35" CONTENT="omftån" SUBS_TYPE="HypPart1" SUBS_CONTENT="omftåndeligen" WC="0.53" CC="4444444"/>
						<HYP HPOS="877" VPOS="1332" WIDTH="19" CONTENT="-"/>
					</TextLine>
					<TextLine ID="P12_TL00030" HPOS="80" VPOS="1378" WIDTH="815" HEIGHT="48">
						<String ID="P12_ST00189" HPOS="80" VPOS="1382" WIDTH="135" HEIGHT="44" CONTENT="deligen" SUBS_TYPE="HypPart2" SUBS_CONTENT="omftåndeligen" WC="0.53" CC="4444444"/>
						<SP ID="P12_SP00158" HPOS="215" VPOS="1426" WIDTH="22"/>
						<String ID="P12_ST00190" HPOS="237" VPOS="1381" WIDTH="38" HEIGHT="33" CONTENT="til" WC="0.95" CC="444"/>
						<SP ID="P12_SP00159" HPOS="275" VPOS="1426" WIDTH="17"/>
						<String ID="P12_ST00191" HPOS="292" VPOS="1379" WIDTH="37" HEIGHT="33" CONTENT="fit" WC="0.52" CC="444"/>
						<SP ID="P12_SP00160" HPOS="329" VPOS="1426" WIDTH="18"/>
						<String ID="P12_ST00192" HPOS="347" VPOS="1380" WIDTH="91" HEIGHT="32" CONTENT="folks" WC="0.97" CC="44444"/>
						<SP ID="P12_SP00161" HPOS="438" VPOS="1426" WIDTH="16"/>
						<String ID="P12_ST00193" HPOS="454" VPOS="1379" WIDTH="117" HEIGHT="44" CONTENT="mängd" WC="0.97" CC="45444"/>
						<SP ID="P12_SP00162" HPOS="571" VPOS="1426" WIDTH="14"/>
						<String ID="P12_ST00194" HPOS="585" VPOS="1405" WIDTH="6" HEIGHT="12" CONTENT="," WC="0.52" CC="4"/>
						<SP ID="P12_SP00163" HPOS="591" VPOS="1426" WIDTH="29"/>
						<String ID="P12_ST00195" HPOS="620" VPOS="1378" WIDTH="119" HEIGHT="34" CONTENT="rorelie" WC="0.54" CC="4444444"/>
						<SP ID="P12_SP00164" HPOS="739" VPOS="1426" WIDTH="16"/>
						<String ID="P12_ST00196" HPOS="755" VPOS="1379" WIDTH="64" HEIGHT="33" CONTENT="och" WC="0.95" CC="444"/>
						<SP ID="P12_SP00165" HPOS="819" VPOS="1426" WIDTH="23"/>
						<String ID="P12_ST00197" HPOS="842" VPOS="1392" WIDTH="36" HEIGHT="20" CONTENT="nä" SUBS_TYPE="HypPart1" SUBS_CONTENT="näringar," WC="0.95" CC="454"/>
						<HYP HPOS="878" VPOS="1392" WIDTH="17" CONTENT="-"/>
					</TextLine>
					<TextLine ID="P12_TL00031" HPOS="80" VPOS="1425" WIDTH="818" HEIGHT="47">
						<String ID="P12_ST00198" HPOS="80" VPOS="1430" WIDTH="124" HEIGHT="42" CONTENT="ringar," SUBS_TYPE="HypPart2" SUBS_CONTENT="näringar," WC="0.98" CC="4444444"/>
						<SP ID="P12_SP00166" HPOS="204" VPOS="1472" WIDTH="23"/>
						<String ID="P12_ST00199" HPOS="227" VPOS="1425" WIDTH="200" HEIGHT="47" CONTENT="någorlunda" WC="0.98" CC="4444444444"/>
						<SP ID="P12_SP00167" HPOS="427" VPOS="1472" WIDTH="23"/>
						<String ID="P12_ST00200" HPOS="450" VPOS="1426" WIDTH="222" HEIGHT="33" CONTENT="befkrefwen." WC="0.53" CC="44444444444"/>
						<SP ID="P12_SP00168" HPOS="672" VPOS="1472" WIDTH="52"/>
						<String ID="P12_ST00201" HPOS="724" VPOS="1428" WIDTH="79" HEIGHT="31" CONTENT="Icke" WC="0.96" CC="4444"/>
						<SP ID="P12_SP00169" HPOS="803" VPOS="1472" WIDTH="25"/>
						<String ID="P12_ST00202" HPOS="828" VPOS="1426" WIDTH="53" HEIGHT="33" CONTENT="hel" SUBS_TYPE="HypPart1" SUBS_CONTENT="heller" WC="0.96" CC="4444"/>
						<HYP HPOS="881" VPOS="1426" WIDTH="17" CONTENT="-"/>
					</TextLine>
					<TextLine ID="P12_TL00032" HPOS="81" VPOS="1471" WIDTH="815" HEIGHT="46">
						<String ID="P12_ST00203" HPOS="81" VPOS="1473" WIDTH="47" HEIGHT="33" CONTENT="ler" SUBS_TYPE="HypPart2" SUBS_CONTENT="heller" WC="0.95" CC="444"/>
						<SP ID="P12_SP00170" HPOS="128" VPOS="1506" WIDTH="10"/>
						<String ID="P12_ST00204" HPOS="138" VPOS="1473" WIDTH="110" HEIGHT="33" CONTENT="hafwa" WC="0.53" CC="44444"/>
						<SP ID="P12_SP00171" HPOS="248" VPOS="1506" WIDTH="13"/>
						<String ID="P12_ST00205" HPOS="261" VPOS="1473" WIDTH="250" HEIGHT="44" CONTENT="utlånniugarne" WC="0.54" CC="4444444444444"/>
						<SP ID="P12_SP00172" HPOS="511" VPOS="1517" WIDTH="17"/>
						<String ID="P12_ST00206" HPOS="528" VPOS="1471" WIDTH="349" HEIGHT="45" CONTENT="ibefkrifningarneof" SUBS_TYPE="HypPart1" SUBS_CONTENT="ibefkrifningarneofver" WC="0.54" CC="4444444444444444444"/>
						<HYP HPOS="877" VPOS="1471" WIDTH="19" CONTENT="-"/>
					</TextLine>
					<TextLine ID="P12_TL00033" HPOS="80" VPOS="1517" WIDTH="816" HEIGHT="47">
						<String ID="P12_ST00207" HPOS="80" VPOS="1531" WIDTH="58" HEIGHT="21" CONTENT="ver" SUBS_TYPE="HypPart2" SUBS_CONTENT="ibefkrifningarneofver" WC="0.54" CC="444"/>
						<SP ID="P12_SP00173" HPOS="138" VPOS="1552" WIDTH="13"/>
						<String ID="P12_ST00208" HPOS="151" VPOS="1518" WIDTH="65" HEIGHT="35" CONTENT="fina" WC="0.96" CC="4444"/>
						<SP ID="P12_SP00174" HPOS="216" VPOS="1553" WIDTH="16"/>
						<String ID="P12_ST00209" HPOS="232" VPOS="1521" WIDTH="111" HEIGHT="32" CONTENT="Stader" WC="0.97" CC="444444"/>
						<SP ID="P12_SP00175" HPOS="343" VPOS="1553" WIDTH="21"/>
						<String ID="P12_ST00210" HPOS="364" VPOS="1517" WIDTH="59" HEIGHT="34" CONTENT="faft" WC="0.52" CC="4544"/>
						<SP ID="P12_SP00176" HPOS="423" VPOS="1553" WIDTH="17"/>
						<String ID="P12_ST00211" HPOS="440" VPOS="1518" WIDTH="141" HEIGHT="46" CONTENT="håruppå" WC="0.53" CC="4544444"/>
						<SP ID="P12_SP00177" HPOS="581" VPOS="1564" WIDTH="18"/>
						<String ID="P12_ST00212" HPOS="599" VPOS="1517" WIDTH="37" HEIGHT="34" CONTENT="fit" WC="0.53" CC="444"/>
						<SP ID="P12_SP00178" HPOS="636" VPOS="1564" WIDTH="17"/>
						<String ID="P12_ST00213" HPOS="653" VPOS="1518" WIDTH="221" HEIGHT="46" CONTENT="hufwudögna" SUBS_TYPE="HypPart1" SUBS_CONTENT="hufwudögnamårkc," WC="0.54" CC="44444444444"/>
						<HYP HPOS="874" VPOS="1518" WIDTH="22" CONTENT="-"/>
					</TextLine>
					<TextLine ID="P12_TL00034" HPOS="80" VPOS="1564" WIDTH="816" HEIGHT="47">
						<String ID="P12_ST00214" HPOS="80" VPOS="1567" WIDTH="131" HEIGHT="38" CONTENT="mårkc," SUBS_TYPE="HypPart2" SUBS_CONTENT="hufwudögnamårkc," WC="0.53" CC="544444"/>
						<SP ID="P12_SP00179" HPOS="211" VPOS="1605" WIDTH="27"/>
						<String ID="P12_ST00215" HPOS="238" VPOS="1576" WIDTH="79" HEIGHT="24" CONTENT="utav" WC="0.53" CC="4444"/>
						<SP ID="P12_SP00180" HPOS="317" VPOS="1605" WIDTH="14"/>
						<String ID="P12_ST00216" HPOS="331" VPOS="1564" WIDTH="112" HEIGHT="36" CONTENT="ftadna" WC="0.52" CC="444444"/>
						<SP ID="P12_SP00181" HPOS="443" VPOS="1605" WIDTH="17"/>
						<String ID="P12_ST00217" HPOS="460" VPOS="1566" WIDTH="42" HEIGHT="34" CONTENT="de" WC="0.54" CC="44"/>
						<SP ID="P12_SP00182" HPOS="502" VPOS="1605" WIDTH="25"/>
						<String ID="P12_ST00218" HPOS="527" VPOS="1568" WIDTH="9" HEIGHT="30" CONTENT="i" WC="0.55" CC="4"/>
						<SP ID="P12_SP00183" HPOS="536" VPOS="1605" WIDTH="16"/>
						<String ID="P12_ST00219" HPOS="552" VPOS="1565" WIDTH="140" HEIGHT="35" CONTENT="fornmål" WC="0.54" CC="4444444"/>
						<SP ID="P12_SP00184" HPOS="692" VPOS="1605" WIDTH="16"/>
						<String ID="P12_ST00220" HPOS="708" VPOS="1564" WIDTH="65" HEIGHT="35" CONTENT="och" WC="0.95" CC="444"/>
						<SP ID="P12_SP00185" HPOS="773" VPOS="1605" WIDTH="23"/>
						<String ID="P12_ST00221" HPOS="796" VPOS="1577" WIDTH="80" HEIGHT="34" CONTENT="prun" SUBS_TYPE="HypPart1" SUBS_CONTENT="prunkande" WC="0.97" CC="44454"/>
						<HYP HPOS="876" VPOS="1577" WIDTH="20" CONTENT="-"/>
					</TextLine>
					<TextLine ID="P12_TL00035" HPOS="786" VPOS="1611" WIDTH="110" HEIGHT="34">
						<String ID="P12_ST00222" HPOS="786" VPOS="1611" WIDTH="110" HEIGHT="34" CONTENT="kande" SUBS_TYPE="HypPart2" SUBS_CONTENT="prunkande" WC="0.97" CC="44444"/>
					</TextLine>
				</TextBlock>
			</PrintSpace>
		</Page>
	</Layout>
</alto>
