965 1731
67 139 113 34 kände
199 139 191 45 afritningar
410 139 39 47 på
463 139 61 34 hus
541 139 64 34 och
620 139 180 46 bygnader.
828 140 61 45 Jag

66 186 80 36 har,
173 185 156 47 bewågne
349 186 131 38 Låfare,
505 220 8 8 p
517 189 79 41 tagit
618 189 66 41 mig
706 188 89 41 före,
821 197 32 23 at
878 189 11 30 i

67 229 87 37 deffa
168 232 78 35 blad
264 233 95 45 ådaga
376 233 91 49 lägga
483 232 66 35 Abo
568 231 106 34 Stads
683 231 207 36 Invånares

66 278 122 40 antal,
209 278 178 46 Närings-
396 280 98 41 fått,
513 278 89 33 Man
610 278 201 44 ufaffärer,
839 281 33 32 in-

66 324 60 34 och
142 326 161 46 utgående
319 325 48 34 IV
368 336 80 22 äror
461 351 8 10 ,
487 325 76 34 med
579 336 107 28 mera,
711 322 69 36 fora
798 327 69 33 Hus-

66 372 193 45 hållningen
275 372 147 33 tilhörer.
449 373 208 41 Hwarjemte
668 375 55 41 jag
738 371 88 34 dock
839 382 34 23 ut-

65 417 58 34 ber
140 421 68 42 mig
229 418 119 37 frihet,
376 427 32 24 at
430 419 33 33 fä
488 421 9 29 i
523 417 213 46 förbigående
758 429 133 24 omröra

67 465 96 44 några
181 464 195 38 hiftorifka,
401 468 10 29 i
426 463 181 47 fynnerhet
624 465 160 33 Politiens
802 465 89 33 eden

66 508 206 35 beträffande
292 510 285 44 omftåndigheter.
650 512 101 32 Detta
778 511 109 33 åmnet

66 555 133 34 fordrar
227 556 137 47 diupare
393 558 99 33 infikt
513 559 40 32 ån
580 561 56 41 jag
667 559 89 43 åger,
789 558 104 33 andre

67 601 206 48 kunfkaper,
309 605 38 32 ån
382 605 76 33 dem
491 608 56 41 jag
576 604 111 38 idkat,
714 603 67 34 och
812 603 81 34 ftere

67 648 213 46 hielpredor,
315 652 38 30 ån
384 650 76 33 dem
485 653 56 41 jag
564 652 128 30 kunnat
719 650 32 32 få
773 650 120 44 tilgång

69 694 48 33 til.
165 695 276 37 Hufwudiäken,
469 694 70 34 fom
563 696 188 32 förhindrar
773 693 121 34 fådane

69 740 151 33 arbetens
237 741 268 44 fullkomlighet,
535 741 56 32 har
607 741 100 33 redan
731 741 163 32 MorhoF

70 787 142 44 optånkt
227 787 44 36 T.
288 789 59 30 111.
363 787 38 34 L.
419 789 56 30 111.
491 798 28 22 c.
532 796 21 25 i.
568 790 33 35 §.
614 796 26 24 i.
668 786 102 45 Ingen
785 786 109 34 banad

70 834 72 42 wåg
161 831 58 35 har
238 836 56 42 jag
321 833 104 33 heller
446 833 72 34 haft
542 834 41 45 på
608 842 32 24 et
662 834 27 33 iå
711 832 183 46 widloftigt

69 879 67 33 falt
153 888 31 23 at
198 880 80 32 råtta
293 882 66 42 mig
372 880 100 37 efter,
497 879 122 34 hvaraf
632 881 126 32 kunnat
773 880 120 37 hånda»

70 934 33 23 at
115 927 55 42 jag
190 924 59 33 fall;
276 924 263 48 opmårkfamhet
563 926 38 47 på
620 927 131 32 mindre
773 927 124 43 nödige

72 970 295 47 omftundigheter,
395 973 64 33 och
483 973 69 33 låtit
576 972 148 35 dåremot
745 972 131 46 angeläg-

72 1029 80 21 nare
166 1029 132 32 gömma
319 1017 44 46 lig
383 1018 110 33 undan
512 1022 68 29 min
596 1018 86 44 åfyn.
731 1020 163 32 Sakernas

71 1065 210 41 myckenhet
297 1064 58 32 har
371 1065 65 31 ock
453 1064 76 33 icke
542 1064 112 32 tillåtit
670 1067 85 40 mig,
784 1073 30 23 at
832 1073 64 24 wa*

71 1121 36 21 ra
121 1109 158 45 iårgfållig
295 1121 56 21 om
366 1111 120 32 ordens
502 1109 224 48 prydelighet.
776 1110 63 32 Når
856 1109 39 35 til

74 1155 46 32 alt
137 1155 89 33 detta
241 1156 172 38 kommer,
447 1163 31 26 at
494 1156 212 34 nårwarandc
726 1156 151 33 tankefor-

74 1200 60 35 fök
152 1202 30 31 år
198 1201 56 34 det
276 1201 116 39 forfta,
421 1202 67 33 (om
508 1203 39 47 på
573 1203 231 32 modersmålet
825 1201 71 35 wid

75 1247 109 33 denna
199 1248 119 45 Kungl.
336 1249 202 34 Academien
828 1249 67 32 och

75 1293 56 33 det
149 1296 7 29 i
183 1294 269 46 hushållningen,
484 1299 68 30 iom
579 1296 114 42 hvarje
715 1295 38 46 på
776 1293 38 34 fit
834 1294 61 33 fått

75 1349 70 23 tror
162 1338 133 47 figuran
319 1342 126 33 lårdom
460 1343 61 32 wål
540 1342 115 38 forftå,
683 1341 57 33 har
758 1343 56 43 jag
838 1340 57 34 lått

76 1385 87 39 wid,
189 1396 33 24 at
237 1387 160 34 foreftålla
412 1391 66 42 mig
493 1388 56 34 det
567 1389 117 34 iamma
701 1386 98 40 odet,
826 1385 69 36 fom

77 1432 66 32 den
164 1432 78 40 har,
271 1433 148 34 hwilken
441 1434 125 47 bygger
589 1438 33 30 in
640 1433 68 34 wid
733 1433 141 35 landswå-

76 1488 82 35 gen,
186 1482 68 31 iom
271 1481 75 32 icke
360 1481 109 45 plågar
486 1482 98 34 (akna
599 1480 173 35 allehanda
786 1481 88 33 doma-

77 1536 45 21 re.
170 1525 84 34 Men
276 1526 56 33 det
359 1537 193 36 upmuntfar
580 1531 82 41 mig,
697 1526 103 34 ehuru
823 1526 73 33 litet

74 1573 58 44 jag
148 1572 123 35 kunnat
286 1574 133 34 koraina
435 1574 128 45 tilvvåga
579 1573 88 39 med,
693 1584 32 24 at
733 1575 57 44 jag
806 1572 90 34 dock

475 1623 33 32 A
527 1633 19 20 x
813 1628 81 30 wct,

866 76 29 35 3

337 67 99 41 tggofgi
478 78 18 19 o
537 68 99 41 <gogt»
