965 1731
331 67 96 38 »?fo§&
470 75 19 19 o
533 66 97 39 «go§Jt

73 78 19 27 4

72 145 78 28 wet,
169 146 31 23 at
215 143 31 25 et
263 133 228 46 ofnlkomligit
504 131 187 42 utförande,
705 138 34 40 ja
754 144 31 25 at
800 135 87 35 blöt*

70 193 32 23 ta
117 180 132 47 upfåtet,
266 183 128 31 winner
412 182 41 33 de
470 179 159 36 råttfmtas
648 182 223 46 ochikarpfyn-

69 239 84 22 tares
178 227 101 35 milda
301 228 192 34 omdomme
519 227 67 34 och
608 227 145 47 benägna
779 229 110 35 6fvei>

71 273 172 47 ikylande.

437 365 35 36 §.
498 370 30 31 2.

163 418 37 34 Sä
216 417 83 35 fnart
320 417 247 34 mennifkiorne
585 417 181 36 förökades
779 446 7 11 ,
802 419 82 34 dref-

69 473 71 25 Wos
160 465 39 33 de
219 466 36 32 af
267 464 65 34 fina
345 464 143 34 iarlkilta
505 464 153 45 bojeKer,
685 466 111 32 noden
823 465 68 34 och

68 511 319 46 beqwåmligheten,
417 520 31 23 at
464 511 133 42 utwålja
621 510 43 44 fig
684 510 206 46 fkiljacktige

67 562 149 40 näringar
232 558 64 33 och
308 557 242 45 handteringar.
577 551 219 39 Deffehafwa
812 558 58 32 Imä-

68 607 140 41 ningom
229 604 105 46 fpridt
348 602 45 46 fig
410 607 10 28 i
442 603 34 33 få
500 603 113 44 många
638 613 135 35 grenar,
799 613 41 28 at,
862 603 30 35 la

68 652 102 31 framt
185 651 41 32 de
242 652 74 31 icke
332 652 61 31 rått
409 647 149 45 åtfkiljas
578 648 63 35 fins
660 650 151 36 emellan,
825 651 64 32 och

69 696 59 39 de,
153 696 68 33 iom
238 698 55 30 åro
310 698 38 30 af
369 707 40 21 en
431 702 68 36 art,
528 696 64 32 åter
613 696 99 32 klokt
733 696 135 33 lamman-

66 743 130 42 jåmkas
212 742 66 32 och
304 743 61 31 rått
387 740 155 39 infattas,
565 739 74 35 hela
660 739 130 36 landets
812 742 59 33 wål-

69 788 92 46 måga
184 787 192 45 därigenom
393 788 63 30 kan
481 786 66 33 lida
566 787 63 32 och
647 789 154 43 aftynas;
821 789 69 33 loin

69 834 154 33 deremot
238 834 94 33 deras
355 841 80 25 ratta
458 833 241 46 forknippning
721 836 68 42 gier
809 833 81 34 både

71 881 92 32 täckt
182 877 177 40 anfeende,
376 879 65 33 och
458 879 182 44 margfallig
654 877 130 35 bätnad.
808 883 14 29 I
839 891 35 34 ge-

69 938 78 22 men
163 926 144 35 fordelte
323 925 41 34 de
379 923 44 47 lig
438 924 98 45 tidigt
551 936 64 34 nog
630 928 9 29 i
660 925 206 35 twåhufwud-

70 972 170 37 ftammar,
270 970 198 35 Lands-och
486 969 401 47 Stads-Hushälningen,

72 1020 39 32 af
124 1019 126 33 hwilka
266 1018 170 34 hwardera
452 1016 58 35 har
528 1017 63 33 fina
608 1015 141 36 lårfkilta
763 1015 123 48 fyllor,

70 1065 70 34 lom
177 1068 156 42 antingen
370 1062 67 35 helt
476 1064 64 34 och
576 1064 117 35 håldne
719 1065 82 33 hora
823 1064 67 35 den

72 1110 59 39 til,
166 1111 79 34 eller
275 1112 66 32 ock
375 1108 61 36 hos
470 1110 63 34 den
578 1109 99 35 andra
700 1110 132 34 allenaft
856 1111 34 33 få

72 1167 89 23 wara
188 1166 31 23 et
244 1157 165 34 biwårck;
431 1168 75 20 men
531 1155 69 34 fom
624 1156 107 33 tillika
758 1156 31 34 få
816 1158 54 31 k3r-

72 1204 61 44 ligt
158 1204 166 33 omfamna
350 1203 219 36 hvvarannan,
600 1211 31 25 at
658 1215 38 22 en
724 1202 80 34 altid
829 1215 40 21 un-

69 1249 183 43 derftodjer
279 1248 64 34 och
359 1248 175 46 ophjeiper
555 1248 62 34 den
633 1248 109 35 andra.
779 1249 91 33 Stads-

69 1308 121 23 inauna
210 1294 237 45 handteringen
463 1295 101 32 beltar
582 1293 222 48 fornåmligaft
823 1295 51 33 där-

71 1354 35 22 ur
111 1347 26 34 i,
166 1353 31 23 at
222 1341 125 34 forådla
366 1341 142 42 jordens
525 1340 210 46 afkaftning,
753 1342 64 32 och
834 1342 42 33 låt-

71 1400 32 23 ta
130 1390 64 33 den
219 1392 10 29 i
255 1387 135 38 rorelfe,
417 1397 32 23 at
475 1384 101 36 Ikaffa
592 1387 56 33 det
667 1387 222 45 ofverflodiga

70 1446 55 24 ut,
154 1436 64 33 och
247 1435 147 33 däremot
420 1432 144 34 inhämta
592 1434 102 33 andra
725 1434 38 33 til
792 1443 98 35 nytta

72 1483 64 32 och
163 1480 253 46 beqwåmlighet
449 1479 153 43 tjänande
631 1492 116 22 vvaror.
819 1481 71 33 Hår

71 1529 117 34 hafver
210 1527 79 34 altfå
315 1526 143 34 handeln
489 1525 64 34 och
588 1525 235 46 handaflogder
852 1526 38 33 fit

72 1578 79 32 råtta
177 1577 78 39 late,
277 1574 115 34 hvilka
415 1572 113 35 fordra
554 1573 156 46 åtikilliga
735 1573 152 45 rättighe-

826 1629 59 30 ter,
