965 1731
333 61 97 40 $§O!$J
473 69 20 20 Q
534 60 98 41 tggogtf

871 69 21 32 5

83 139 63 31 ter,
162 130 328 37 fomLandtmannen
508 128 267 40 ickebehofwer,
788 132 84 33 hwar-

70 178 148 44 jehanda
234 181 232 42 inrättningar,
495 177 167 45 Collegier
678 178 64 33 och
762 177 116 35 Sallfta-

74 235 59 36 pcr
146 248 7 15 ■,
179 224 106 36 under
302 224 102 46 nödig
422 223 112 46 ftyriel
563 223 65 33 och
653 222 161 46 ftrångare
835 237 39 33 po-

72 272 73 33 litie
164 270 119 47 opfikt.
331 272 76 33 Och
427 272 68 32 iom
518 270 159 33 Städerne
696 267 121 37 fåledcs
842 272 52 33 åro

73 318 123 45 nödige
219 318 109 34 medel
361 318 36 32 til
425 314 324 36 mennifkioflåktets
792 327 80 37 uppe-

74 363 163 39 hållande,
253 364 256 46 beqwåmlighct
525 363 65 34 och
605 362 159 37 läkerhet,
783 363 26 33 lä
826 365 42 32 mä-

71 409 48 34 lle
144 411 95 33 deras
266 411 201 46 anläggande
498 421 88 22 wara
612 410 113 33 ibland
753 410 40 33 de
825 410 50 33 åld-

71 454 47 35 fta
142 457 215 45 mennilkliga
382 456 209 49 opfinneiler.
640 459 59 30 Öls
715 466 89 23 mota
826 458 67 34 ock

72 502 102 34 redan
197 505 53 31 for
273 504 220 44 fyndafloden
513 503 68 47 ipär
605 502 109 38 däraf,
743 502 64 34 och
826 503 51 34 där-

73 549 83 33 efter
168 549 146 45 begynte
328 549 81 34 både
424 548 97 33 Sems
545 548 62 34 och
625 548 124 34 Chams
766 550 106 34 afkom-

71 606 43 21 na
139 605 32 24 at
192 595 109 47 bygga
328 594 65 37 fina
425 596 125 34 Stader.
611 595 84 34 Man
732 597 63 33 kan
825 597 67 33 ock

70 642 196 45 näppeligen
295 641 153 46 begripa,
490 651 33 23 at
555 642 95 44 något
683 642 83 32 Folk
795 646 97 29 warit

70 688 27 32 ia
112 686 235 44 oforftändigt,
376 686 64 34 och
467 686 122 33 aldeles
615 686 157 33 forkaftat
798 698 39 21 en
854 688 39 32 til

70 731 48 34 fin
135 732 134 34 wälfärd
292 724 26 43 fa
343 732 184 48 uppenbart
541 733 153 41 tjänande
708 733 54 33 fak
775 760 6 10 ,
799 743 94 24 utom

70 779 142 34 hvilken
239 776 168 36 famhållet
439 777 170 46 fwårligen
640 780 65 32 kan
729 779 78 45 begå
836 778 53 46 fig.

70 827 162 35 Därfore,
260 824 167 35 ehuruwål
449 825 96 44 nägre
570 826 245 34 fornlkrifvare
837 828 35 44 på-

70 871 61 38 fta,
159 880 33 24 at
216 871 42 35 de
282 871 105 47 gamla
414 870 143 44 Scyther
568 898 8 11 ,
604 871 68 34 fbm
694 872 132 33 fordom
843 873 31 33 in-

70 918 129 33 nehade
223 918 73 34 hela
322 918 187 33 nord-oftra
535 917 98 34 delen
662 919 37 31 af
727 918 163 45 Europén

70 964 66 34 och
163 962 101 44 ÅJien
277 991 7 11 ,
310 966 76 31 icke
412 964 122 33 wärdat
559 963 44 45 fig
618 976 54 21 om
688 965 131 32 Staders
835 977 37 35 up-

70 1010 194 46 byggande;
290 1007 28 37 få
343 1012 65 31 kan
435 1010 89 33 dock
551 1010 88 32 detta
673 1012 196 41 foregifwau-

70 1056 43 33 de
137 1057 27 32 lå
190 1057 139 43 mycket
354 1056 129 32 mindre
504 1056 217 44 ågabeftand,
748 1057 69 31 iom
833 1068 36 21 an-

70 1102 58 35 dre
154 1104 61 32 rått
241 1100 26 35 få
296 1100 197 45 trowårdige
519 1101 105 46 gamle
657 1102 235 35 håfdeteknarc

70 1150 202 43 namngifwa
286 1146 48 35 åtf
337 1147 113 46 killiga
476 1148 92 33 deras
590 1147 124 40 ftader;
741 1148 63 33 och
820 1149 70 34 iom

70 1205 39 22 en
137 1194 65 33 och
235 1205 105 21 annan
375 1195 85 32 ännu
485 1197 8 29 i
521 1194 63 33 v,'år
611 1195 66 36 tid,
718 1198 9 29 i
755 1194 135 45 ytterfta

71 1240 97 33 delen
196 1241 36 31 af
260 1239 178 45 Ryfslaud
470 1241 64 33 och
567 1241 56 35 det
655 1238 232 48 angråntfandc

70 1285 186 35 Tartariet
269 1315 6 9 ,
311 1288 68 32 iom
401 1297 70 23 tros
498 1299 86 21 wara
610 1287 40 34 de
677 1288 105 43 gamle
810 1286 57 42 Scy-

70 1332 101 33 thers
202 1332 242 35 Fädernesland
464 1359 7 11 ,
510 1334 69 32 iedt
609 1335 95 31 dåraf
739 1331 148 46 tydelige

70 1380 211 40 qwarlefwor
306 1379 62 32 och
396 1379 187 44 lämningar.
634 1382 51 30 De
713 1380 86 32 förre
823 1381 42 32 må-

69 1425 46 32 ite
139 1425 79 34 altfå
244 1426 62 32 tala
333 1427 7 30 i
362 1426 187 41 jämforelic
572 1435 89 24 emot
691 1425 41 34 de
765 1425 97 34 Roma-

70 1481 60 22 res
154 1471 64 34 och
235 1470 161 33 Grakers
420 1473 146 45 präktiga
590 1471 123 33 Stader.
762 1472 125 34 Sådane

70 1528 94 22 woro
191 1520 74 30 icke
291 1516 239 45 Scythernes.
565 1520 86 31 Utan
676 1518 54 34 har
752 1519 130 37 bodde,

69 1566 12 30 i
95 1563 104 35 Hållet
220 1565 53 32 for
298 1565 98 44 prakt
420 1564 63 36 och
512 1564 176 47 yppighet,
715 1565 63 34 den
798 1575 88 35 gam-

470 1613 28 32 A
512 1604 20 41 '3
856 1610 31 34 ia
