965 1731
466 81 20 19 o
527 73 100 38 *ggost

69 76 17 25 6

69 142 34 36 Ja
129 141 256 45 enfaldigheten.
432 143 54 33 De
505 153 96 23 woro
618 151 106 30 orter,
753 141 56 36 dar
834 142 42 36 flc-

70 201 36 22 re
130 189 148 33 Familier
293 189 105 33 under
424 184 74 38 wifs
522 187 114 46 flyrfel
653 189 38 33 til
716 192 175 42 näringens

70 234 149 34 iakerhet
242 233 63 35 och
333 234 181 38 befordran
537 233 112 36 bodde
674 236 140 43 tilhopa,
836 236 56 33 dår

70 281 96 45 bytet
191 282 37 33 af
249 281 94 34 deras
369 292 127 27 waror,
531 280 64 34 och
629 283 71 45 kop
729 281 67 35 och
824 283 69 33 lalu

69 327 78 37 med
173 330 33 30 in
218 349 11 3 -
239 327 65 33 och
315 324 186 37 utlånfkom
520 325 143 41 fkedde,
685 328 66 33 och
768 327 125 35 hwilka

70 371 118 54 platfer
214 373 38 34 til
277 375 184 43 åfwentyrs
486 374 78 33 med
586 374 214 45 plankwårk,
829 377 49 32 for-

69 421 223 44 huggningar,
310 420 80 35 eller
404 420 179 45 opkaltade
599 421 112 33 wallar
734 421 64 33 och
812 421 67 45 graf-

70 478 81 26 war,
180 470 10 29 i
205 465 105 34 Hållet
327 468 53 32 for
398 465 199 39 flenmurar,
623 471 95 30 warit
735 469 159 43 omgifue.

69 509 102 39 DelTe
196 512 184 46 borgerlige
404 511 177 35 famhållen
602 525 94 21 woro
729 515 67 32 ock
818 515 74 38 fria,

69 570 79 23 utan
166 559 65 33 den
252 559 159 45 ordning,
442 559 80 33 drift
539 558 64 35 och
628 559 264 45 fullkomlighet,

69 605 73 36 fom.
156 608 10 30 i
192 604 110 34 fenare
326 606 97 32 tider.
473 606 47 31 At
536 616 44 21 nu
602 605 67 34 Åbo
685 608 96 32 warit
797 618 41 23 en
851 603 30 37 få-

71 653 66 33 dan
155 651 175 46 Kop-Stad
349 653 53 32 for
420 651 87 32 wåra
525 650 102 34 forfla
646 655 9 30 i
671 652 113 34 landet
799 653 72 33 kom-

69 711 44 23 na
135 698 118 36 Fader,
282 699 122 42 tyckes
426 695 175 46 beilyrkas
628 697 208 46 därigenom,
866 708 32 25 at

70 745 67 35 den
161 756 34 20 ar
220 743 199 43 urgammal,
448 742 65 34 och
547 752 31 24 at
609 754 57 22 om
691 741 72 36 defs
796 744 101 35 forfta

69 789 202 46 anläggande
294 791 29 39 ej
353 798 31 24 et
410 785 68 48 fpar
505 786 120 36 finnes.
683 791 38 33 Så
746 789 60 34 har
831 792 67 32 ock

71 846 114 26 ortens
216 835 171 44 beqwåma
418 833 197 46 belägenhet
652 836 37 32 til
721 835 119 35 rorclfe
869 837 29 33 åt

69 883 101 34 lands
200 879 66 35 och
301 879 141 34 fiofidan
468 881 129 32 kunnat
622 880 94 34 läcka
740 882 94 44 dem,
867 892 31 24 at

68 930 58 32 hår
151 927 81 35 fulla
255 928 73 32 late.
398 927 121 33 Denne
551 929 206 43 giisningcns
782 926 95 35 farmo-

67 975 110 34 likhet
205 977 99 41 iyncs
335 974 64 32 ock
431 971 139 35 befallas
600 984 123 33 genom
757 975 141 33 Stadens

67 1020 123 36 Finfka
220 1032 99 21 namn
350 1016 114 37 Turen
476 1045 7 11 ,
519 1017 68 34 fom
615 1019 142 46 betyder
780 1017 109 48 Torg-
889 1016 9 49 y

66 1068 129 33 hwilka
220 1066 79 45 flags
326 1078 98 22 namn
439 1090 7 11 ,
470 1064 69 34 fom
557 1066 40 34 de
615 1067 55 33 åro
693 1066 42 34 de
752 1067 123 33 enfaldi-

67 1113 103 47 gafte,
196 1111 33 34 få
255 1115 54 29 åro
333 1112 41 32 de
398 1112 66 32 ock
486 1112 208 45 gemenligen
719 1112 43 34 de
785 1112 110 34 åldlte.

67 1153 86 41 'Man
174 1159 61 33 bor
264 1159 74 32 icke
362 1156 102 34 heller
489 1157 144 46 förtiga,
666 1158 55 36 det
750 1152 130 51 öfverjt-

70 1205 216 36 bteutenant
314 1205 261 33 Stralenberg
599 1205 159 44 berättar,
783 1215 31 24 at
831 1206 66 33 hos

70 1250 219 36 Tartarerue
315 1248 136 34 Turttia
481 1249 68 34 och
582 1250 96 34 Tura
691 1277 9 11 ,
733 1252 38 32 af
800 1251 98 33 ordet

70 1299 114 37 Turr,
221 1294 143 48 Jladua,
393 1293 56 46 Jiä
472 1293 111 43 [lilla,
616 1298 87 34 ännu
728 1297 170 34 bemärker

70 1356 41 22 en
128 1341 225 36 Hufwudftad
376 1341 67 35 och
461 1340 196 37 Refidence.
700 1345 77 32 Min
800 1342 98 36 affikc

69 1390 118 33 tillåter
210 1393 65 41 mig
292 1391 94 35 icke,
416 1398 31 22 at
473 1387 36 45 gå
536 1387 108 47 långre
669 1393 11 30 i
696 1391 109 32 denne
829 1390 66 33 och

69 1437 119 44 dylike
211 1435 225 35 betrakteller.
494 1436 53 30 De
572 1437 107 43 gamle
699 1431 105 39 finfke
831 1437 44 32 Ko-

68 1493 170 34 nungarne
251 1509 6 11 ,
288 1494 56 22 om
368 1480 127 34 hwilka
520 1477 136 48 fagorne
682 1483 55 34 hår
762 1481 64 34 och
843 1482 55 36 dår

69 1528 155 38 formåla,
255 1529 94 33 torde
376 1526 61 36 wål
465 1526 74 35 akfä
565 1528 54 32 hår
645 1530 65 34 och
738 1531 9 30 i
768 1530 127 44 någdeu

71 1576 72 35 haft
166 1573 67 37 fina
256 1575 97 36 låten.
406 1575 107 34 Utom
539 1571 85 40 deiTe.
639 1575 64 36 och
729 1575 100 36 andre
850 1570 42 38 (å-

814 1621 83 35 dane
