965 1731
83 74 16 30 8

335 70 98 41 iso§*
481 78 19 22 o
548 69 95 40 *?o|ji

74 141 58 34 dra
159 138 88 36 fidan
269 139 36 34 til
333 138 126 37 fielfwa
484 139 185 38 Slorsfoten
692 142 31 33 år
737 143 77 45 foga
831 142 50 33 lån-

72 199 76 34 grc,
185 186 64 34 och
275 186 133 36 allenafl
438 200 31 28 7.
493 198 157 35 qwarters
668 188 100 46 hogd.
820 188 77 36 Wid

73 232 93 47 opfio
181 232 174 36 beftånkas
374 233 86 36 defla
473 235 210 45 grundwalar
699 236 85 33 ånnu
800 238 9 30 i
825 236 71 45 dag.

71 281 85 33 Men
184 280 107 35 denne
319 280 163 47 flyttning
506 283 29 32 är
563 281 131 34 derfore
711 282 184 44 företagen,

71 337 34 23 at
130 326 102 33 Aura
269 327 30 36 \,
327 329 69 33 iom
429 328 238 46 igenomflyter
696 329 66 33 och
806 329 91 33 delar

72 374 142 44 Staden,
242 374 65 33 och
334 374 107 33 tiliika
468 379 71 40 gior
567 374 171 35 ikilnaden
755 375 141 35 emellan

70 419 105 37 Sodrs
201 423 66 32 och
283 418 120 36 Norre
418 420 159 34 Finland
592 448 6 11 ,
628 422 74 34 med
719 422 56 33 det
797 423 75 43 myk-

70 479 42 22 11a
137 467 162 44 grummel
325 467 63 34 och
417 467 46 47 dy
499 469 64 33 den
589 470 39 32 af
647 468 46 33 fin
724 467 65 35 161
793 467 17 35 a
814 467 83 34 botn

69 514 79 35 ined
174 512 42 45 fig
242 515 89 34 forer
345 540 7 11 ,
380 513 140 46 ftåndigt
539 518 77 42 gior-
631 516 153 44 inloppet
799 524 78 34 grun-

70 560 97 38 dare,
203 559 35 36 få
264 570 31 24 at
323 561 67 33 ock
422 572 45 22 nu
500 564 8 30 i
535 560 88 34 defle
656 561 31 33 år
713 570 31 24 et
771 571 105 36 prame-

70 606 65 33 och
164 605 232 35 mudderwårk
425 607 37 33 til
479 606 249 34 Slots-fHrdens
750 606 147 33 renande

68 651 80 36 måft
171 654 153 36 inråttas,
350 654 150 33 hwarom
528 654 111 45 långre
653 655 95 32 fram.
777 655 96 32 Hwar-

68 700 95 37 fore,
192 701 10 30 i
228 699 180 44 iynnerhet
435 699 38 33 då
498 699 102 33 ftorre
626 699 112 44 fartyg
768 699 129 45 begynt

68 746 140 36 brukas,
226 745 109 33 denna
352 744 161 47 flyttning
529 746 127 32 funnits
678 745 111 44 nödig.
840 747 38 30 Se-

69 793 149 34 dermera
232 817 6 10 ,
271 790 65 34 wid
371 791 31 33 år
428 803 106 28 1300,
564 791 134 34 anlades
733 791 66 35 och
830 791 48 32 ful-

67 837 188 34 komnades
280 837 63 33 den
369 848 44 22 nu
439 837 156 33 warande
620 838 148 45 präktiga
790 836 78 34 Dom-

68 885 135 44 kyrkan
215 909 7 11 ,
258 883 67 32 iom
354 882 202 38 federmcra,
584 884 48 33 tid
659 884 83 33 efter
766 895 106 20 annan
887 909 6 12 ,

68 930 125 34 blifwit
215 929 171 46 utwidgad
404 929 65 35 och
484 929 166 47 beprydd.
700 929 65 34 Om
783 929 112 33 hwars

68 976 136 47 bygnad
231 976 64 33 och
324 977 157 36 losoren,
512 977 68 32 fom
607 976 65 33 ock
689 987 55 22 om
763 975 41 33 de
819 975 57 34 klo-

67 1023 64 36 (ler
159 1023 55 34 hår
242 1025 93 30 warit
367 1025 8 30 i
400 1021 283 38 Påfwedommet,
711 1021 66 34 och
805 1033 90 24 mera

67 1069 130 37 fadant,
222 1071 56 42 jag
303 1070 76 32 icke
394 1069 118 33 hinner
529 1069 74 33 tala.
654 1070 53 32 De
722 1068 96 45 dårpå
832 1068 48 34 föl-

64 1115 103 45 jande
189 1115 102 32 tiders
317 1115 108 36 oden,
455 1115 83 32 huru
672 1114 65 34 den
763 1116 109 31 renaE-

68 1159 195 48 vangelifka
280 1160 96 38 låran,
395 1170 122 36 genom
535 1158 277 48 Glorwyrdigjte
829 1159 43 34 Ko-

67 1219 92 35 nung
186 1207 209 33 GUSTAFS
414 1204 127 47 förfårg
573 1207 55 34 här
659 1207 62 34 fått
746 1207 147 40 intrade;

67 1256 87 33 huru
173 1253 55 34 hår
243 1254 209 46 Herredagar
471 1252 114 34 blifvit
601 1252 95 35 hålne
712 1252 66 34 och
795 1262 98 35 mynt

69 1301 128 45 flagne,
223 1298 34 34 få
284 1298 86 34 wida
396 1301 57 31 har
480 1311 38 21 en
537 1299 72 45 lång
632 1299 48 32 tid
707 1298 108 34 bortåt
832 1310 42 21 wa-

68 1351 43 29 rit
136 1345 155 47 ypperfta
317 1354 130 38 myntet
472 1344 66 34 uufl
571 1344 189 34 Stockholm
772 1359 8 24 ;
809 1345 84 33 huru

69 1395 110 32 denna
203 1391 110 37 ftaden
346 1393 72 34 ofta
450 1390 112 34 blifvit
595 1393 38 32 af
658 1391 75 37 eld,
761 1390 129 40 fiende,

68 1439 126 37 lward,
226 1438 87 47 peft,
347 1439 125 44 hunger
502 1438 65 33 och
600 1437 165 36 flödwatn
801 1436 69 36 hem-

68 1485 94 37 lokt,
189 1484 76 35 med
291 1497 105 25 mera,
423 1484 52 45 går
492 1489 54 40 jag
564 1486 68 31 ock
650 1484 77 34 med
753 1482 51 35 flit
825 1485 51 32 for-

68 1531 55 39 bi,
148 1528 70 38 fom
244 1532 75 34 icke
352 1532 204 45 egenteligcn
591 1530 149 36 horande
766 1531 39 33 til
832 1533 61 32 mic

70 1577 163 44 ändamål,
258 1577 63 36 och
348 1579 57 36 der.
427 1575 28 40 fa
468 1578 140 46 mycket
623 1577 110 40 helre,
759 1576 133 36 {omalt

782 1621 111 36 fadant
