965 1731
324 67 99 39 ftgof»
464 76 20 20 o
528 67 99 40 4ft>|*

874 79 17 27 9

67 138 112 36 iadant
204 135 72 37 intil
303 136 31 35 år
362 150 99 30 1700.
484 140 11 30 i
512 136 232 35 ofwannamdc
766 136 124 48 Bifkop

67 186 164 42 Juslenh
257 185 219 45 Disputation
515 184 108 33 finnes
659 195 84 34 noga
777 185 115 35 utfört.

70 233 88 33 Ifrån
184 231 64 35 den
275 233 91 32 tiden
392 232 58 32 har
471 231 65 34 wår
568 230 80 35 Stad
680 233 74 32 icke
787 231 105 34 heller

68 279 139 45 undgått
232 278 157 46 åtikilliga
415 278 237 33 hemiokeller:
682 289 99 30 1710.
809 278 83 34 hade

68 325 66 34 den
148 327 37 32 af
195 325 110 47 peften
321 338 39 21 en
379 324 209 46 bedrofvelig
602 323 65 47 gåft
681 351 7 11 ,
715 322 69 36 Tom
801 323 72 35 bort-

67 373 122 43 ryckte
205 384 102 21 zcoo.
323 371 72 34 defs
412 372 172 35 inwänare.
635 371 86 34 Ifrån
739 382 98 31 1714.
852 372 40 33 til

66 429 100 31 1711.
190 418 56 35 har
268 420 65 33 den
358 419 63 35 fått
445 417 108 35 fmaka
570 419 112 46 Ryikt
708 416 163 35 öfwerwål-

66 466 59 37 de,
164 466 65 33 och
269 467 97 32 åfveu
397 476 99 34 174.x.
528 466 105 33 årfara
665 463 119 35 famma
815 464 75 35 öde.

64 512 155 33 Twånne
234 512 117 45 gånger
376 512 58 36 har
454 512 132 42 jåmwål
614 511 97 35 elden
727 510 92 34 hållit
835 510 56 34 hår

65 559 56 33 illa
149 558 81 40 hus;
259 559 99 42 17x8.
375 560 90 33 Petri
492 559 91 33 Pauli
609 559 80 44 dag,
720 557 39 34 då
781 556 109 35 nåftan

63 604 127 34 halfwa
215 605 99 35 delen
345 607 39 33 af
404 604 122 36 Staden
550 606 78 42 gick
655 608 9 30 i
691 601 93 40 afka,
811 603 79 34 farnt

64 652 87 40 1738
176 651 65 33 den
261 652 50 33 18.
328 653 89 30 Sent.
436 653 54 29 når
518 650 93 34 åfkan
642 651 111 33 itände
781 651 81 32 Dom-

58 697 247 44 kyrkotornet,
327 707 66 24 ocn
414 697 36 32 af
454 696 122 34 brände
592 695 70 35 defs
691 694 80 34 famt
788 696 81 32 Scho-

60 742 74 34 lans
167 743 57 33 tak
245 769 7 11 ,
291 742 66 33 och
389 741 225 34 Academiens
646 741 242 45 Bibliotheque.

59 788 99 35 Defla
181 791 63 32 tåta
270 789 147 45 olyckor
444 787 110 35 hafwa
581 792 29 39 ej
627 797 100 25 annat
747 789 138 37 kunnat,

58 835 41 33 ån
124 834 139 34 författa
289 835 124 34 Staden
437 835 9 33 i
474 844 32 24 et
532 833 70 35 flått
627 832 150 41 tilftånd,
802 834 28 34 la
855 844 34 24 at

59 880 66 34 den
152 881 80 33 flcre
257 880 88 35 refor
370 880 49 35 tid
450 881 83 33 efter
560 892 106 23 annan
692 880 77 35 måft
787 880 85 48 oplif-

58 938 70 24 was
154 940 38 21 ur
218 926 37 35 fit
278 938 95 35 grus,
401 927 69 35 och
495 930 91 43 giora
613 927 119 34 likfom
765 939 40 22 en
831 926 56 35 hel

60 985 48 34 ny
135 973 200 45 begynnelfe
361 973 39 34 til
428 972 46 34 fin
500 973 123 34 handel
654 973 66 35 och
754 973 133 34 rorelfe.

59 1023 49 30 At
133 1022 116 32 anföra
275 1019 63 33 alla
361 1018 139 35 Stadens
515 1019 49 35 tid
581 1020 84 34 efter
682 1031 107 23 annan
806 1020 62 33 und-

58 1067 122 44 fåagne
207 1065 211 46 Privilegier,
445 1064 126 35 blefwe
598 1066 66 33 ock
680 1066 54 32 for
750 1065 117 34 widlof-

59 1116 71 41 tigt.
179 1113 53 32 De
259 1109 75 36 ålfte
361 1111 54 33 åro
440 1110 93 46 långe
573 1107 98 38 fedan
705 1111 179 37 förlorade.

60 1158 187 34 Innehållet
273 1158 38 31 af
329 1156 42 34 de
392 1156 177 35 fornåmfr.e
593 1161 10 31 i
628 1156 108 36 behåll
763 1169 106 24 vvaran-

58 1205 43 33 de
125 1204 99 34 torde
255 1202 139 43 fkonjas
425 1205 39 33 af
493 1204 147 43 fcljande
671 1203 213 46 beikrifning.

58 1252 70 32 Det
154 1249 106 35 allena
285 1250 65 33 kan
377 1261 74 22 man
478 1251 75 33 icke
577 1249 146 36 obemålt
756 1250 126 38 låmna,

59 1306 34 26 at
118 1296 145 45 Konung
285 1297 161 39 JOHAN
471 1299 59 32 111.
553 1308 13 23 /
584 1294 74 45 Jine
672 1294 214 48 privilegier

52 1343 62 45 for
139 1343 67 36 Abo
233 1340 108 40 Stad,
368 1342 49 46 af
434 1341 191 35 Stockholm
650 1342 63 34 den
740 1350 28 29 8.
789 1343 92 45 Avg.

62 1393 101 39 if96.
188 1388 173 38 förmäler,
390 1397 32 26 at
444 1388 72 35 defs
541 1389 88 34 åldre
653 1388 79 35 bref
749 1388 65 36 och
834 1401 32 23 re-

58 1435 97 45 gifter
179 1436 112 34 blifvit
323 1433 96 36 borta
444 1437 11 33 i
481 1435 115 39 elden,
633 1434 66 36 den
730 1435 52 35 tid
815 1433 66 37 Åbo

58 1481 104 34 fenaft
183 1481 139 46 opbran.
376 1482 55 35 De
451 1492 141 37 oprepas
617 1477 74 38 altfi
713 1481 75 41 hår,
816 1482 65 35 och

59 1527 141 35 Stadens
226 1539 55 21 ror
307 1526 64 38 och
396 1529 137 43 omågor
555 1527 177 37 utmärkas.
783 1531 97 33 Hans

59 1575 104 44 Maj:t
186 1574 147 49 profwar
357 1575 69 35 ock
455 1574 149 47 rådeligit
634 1574 66 36 och
729 1578 147 44 nyttigt,

470 1621 68 44 As
846 1630 33 26 ac
