965 1731
342 75 98 37 Hgoist
483 81 20 21 ©
546 74 98 39 *?go|j#

80 84 34 18 10

79 154 31 25 At
137 142 167 36 ehuruwål
323 142 151 35 Stadfens
491 141 193 48 belägenhet
707 144 76 35 icke
802 146 32 33 år
851 145 28 35 få-

76 190 83 38 dan,
187 200 33 24 at
245 190 56 33 dar
320 190 112 33 kunde
448 190 146 45 anläggas
612 190 105 46 någon
738 193 62 32 rått
818 190 61 36 fåft-

72 240 99 43 ning,
198 235 35 35 få
259 236 104 34 fkulle
386 236 89 35 dock
508 237 155 45 omkring
688 238 122 35 Staden
835 251 40 34 op-

71 282 99 35 fåttas
196 295 41 22 en
262 295 91 26 mur,
379 295 33 31 4.
437 285 128 32 famnar
590 284 191 44 hogoch4.
806 284 93 35 Alna»

71 331 114 37 tiock,
214 329 139 36 hvilken
378 328 113 35 fkulle
515 329 174 46 begynnas
705 332 68 33 wid
788 332 85 34 wård-

72 375 114 47 berget
218 376 78 35 med
334 388 41 22 en
415 375 62 35 fall
508 376 147 41 rundel;
695 377 126 34 darnåft
854 379 43 45 på

71 422 250 46 qwarnberget,
355 422 102 34 ockfå
481 422 78 35 med
590 434 40 23 en
664 422 60 35 fall
756 423 139 41 rundel,

67 469 134 43 jåmwål
228 481 42 22 en
296 469 98 47 dylik
413 468 39 48 på
474 468 89 35 flora
578 466 239 50 wafTerberget,
828 471 70 34 och

69 516 81 33 med
177 527 118 22 muren
324 515 106 34 fkulle
463 516 164 42 fullföljas
654 517 141 32 emellan
821 517 57 33 des-

68 560 32 34 fa
118 563 96 44 berg,
249 561 66 35 och
336 560 28 35 få
387 563 98 32 twårt
510 562 64 34 ned
599 565 49 30 uti
673 563 67 34 åen.
789 564 107 34 Innan

70 609 57 32 för
154 609 107 33 denna
283 608 174 33 Stadsmur
480 608 111 35 fkulle
613 608 47 33 alt
677 608 125 46 byggas
818 609 78 35 med

69 653 155 39 flenhus,
253 665 77 22 men
355 663 111 35 utom,
490 654 82 33 bäde
597 654 131 33 nordan
752 656 56 32 åen
829 656 69 35 och

69 698 144 40 furman,
241 699 90 34 hvad
353 698 212 46 byggningar
591 700 43 33 de
657 698 123 37 fielfwa
795 701 101 35 wille.

68 747 41 33 Så
134 746 139 35 befalles
297 747 86 36 ock,
417 755 34 22 at
485 747 52 31 for
570 744 116 35 Finfka
711 746 164 35 förfamlin-

66 803 66 33 gen
159 803 39 23 ca
225 792 117 44 Kyrka
371 788 108 37 fkulle
508 791 193 46 opbyggas,
745 792 55 34 dar
824 792 73 36 fom

66 837 89 35 båfla
182 836 199 46 lägenheten
406 848 110 26 vvore,
551 837 34 32 få
615 837 68 33 flor
707 837 71 35 fom
801 840 70 34 Wår-

66 886 210 44 fru-kyrka.
327 884 59 32 Til
403 882 179 34 underflod
599 883 156 35 låfwades
772 886 122 33 Stadea

67 938 32 30 5.
121 931 49 33 års
203 930 100 33 frihet
336 930 67 33 och
428 940 108 23 annan
569 929 101 45 hielp.
731 931 84 32 Men
850 932 45 34 alt

67 977 91 34 detta
184 977 75 37 har,
288 977 54 33 for
368 975 42 34 de
436 974 249 35 mellankomne
710 974 166 37 bullerfam-

66 1035 55 23 ma
146 1024 146 33 tidernas
316 1020 108 39 fkull,
452 1024 76 31 icke
554 1023 147 33 kommit
725 1023 38 33 til
786 1024 108 45 någon

65 1069 270 44 wärkftållighet.
368 1070 79 31 Den
469 1069 86 44 höga
575 1069 297 45 Domkyrkogårds-

66 1127 117 22 mureu
208 1116 38 44 på
271 1115 95 33 iodra
394 1113 108 38 fidan,
532 1114 68 32 fom
626 1115 76 32 med
720 1113 64 36 fina
799 1116 74 44 glug-

65 1173 58 34 gar
139 1189 8 11 ,
181 1162 118 44 gånger
332 1159 65 34 och
438 1160 167 33 wakttorn
628 1160 13 32 å
673 1161 215 45 ingångarne,

66 1209 124 44 tyckes
219 1206 94 34 likna
334 1215 31 25 et
381 1206 282 38 foriwars-wårk,
690 1206 97 34 mäfle
809 1208 80 39 ock,

66 1255 86 34 efter
184 1254 47 35 alt
260 1251 181 40 utfeende,
480 1264 88 23 wara
608 1251 87 49 långt
733 1253 159 36 tilförene

66 1300 120 48 opreft.

425 1390 35 37 §.
492 1394 34 33 4.

158 1444 16 32 I
188 1443 88 36 åldre
290 1442 85 36 tider
391 1442 57 34 har
463 1440 107 34 denna
590 1440 78 35 Stad
683 1443 96 33 warit
794 1452 71 35 myc-

66 1487 60 35 ket
140 1491 128 44 trångre
281 1490 66 35 och
362 1487 266 45 oordenteligare
640 1487 111 49 bygd,
766 1490 39 32 ån
822 1488 67 34 den

66 1547 44 23 nu
130 1535 42 33 år.
221 1537 187 34 Tomterne
434 1545 95 23 woro
551 1534 39 33 då
612 1533 35 33 iå
669 1535 82 39 imå,
778 1545 33 24 at
833 1546 16 29 3
867 1545 21 23 a

66 1594 22 34 4
113 1580 81 37 flika
218 1594 45 23 nu
287 1584 112 34 kunna
425 1581 36 35 af
486 1592 42 23 eu
553 1581 92 45 ågare
665 1581 219 36 ianehafwas.

758 1628 120 32 Gator-
