965 1731
313 70 97 41 tfigofgi
452 80 19 19 o
515 72 96 40 «§ofgt

849 80 35 29 11

70 144 152 33 Gatornc
237 150 95 26 woro
345 142 66 34 ock.
434 141 96 34 fmale
545 142 66 34 och
630 144 108 44 ogine,
764 143 104 34 Derfo-

67 201 42 21 re
133 188 59 34 har
225 188 133 34 fordom
379 188 221 34 Riksdrotfen
634 188 65 33 och
727 189 160 34 General-

68 237 270 33 Gouverneuren
360 237 11 31 i
383 234 139 34 Finland
542 235 126 33 Grefve
683 237 98 32 Pehr
800 237 67 32 Bra-

69 294 63 32 he,
159 283 37 32 til
220 281 273 34 förekommande
518 282 38 32 af
578 278 219 42 eldsfkador,
825 282 66 33 och

68 338 35 26 at
129 330 103 43 gifwa
261 329 121 34 Staden
410 327 225 45 behageligare
664 326 121 40 fkick,
826 329 66 33 den

68 376 80 33 med
172 384 77 36 nytt
271 385 167 35 utrymme
460 373 142 39 forfedr,
632 374 163 45 utwidgat
826 375 67 33 och

69 421 187 34 förbättrat.
282 423 79 31 Han
377 420 136 46 tilbytte
529 420 122 35 Staden
666 422 84 42 164.0
760 420 111 33 Mättd-

68 468 35 33 lä
131 468 64 33 och
217 466 167 34 Huikoila,
411 467 171 34 hemmans
609 468 75 44 ågor
708 469 39 32 af
768 469 124 32 Herrar

67 514 170 33 Boyarne
250 540 7 11 ,
287 514 226 44 hwarigenom
532 513 140 34 Stadens
694 513 97 46 långd
813 525 82 22 norr

68 571 58 22 om
142 560 58 32 åeu
213 569 91 24 emot
326 560 121 34 Slottet
466 572 66 31 900
556 561 91 33 alnar
661 559 169 38 tilwäxte,
860 562 10 31 i
882 574 14 20 a

68 605 230 35 attullbomen
315 607 38 33 då
364 606 74 34 blef
447 604 94 36 föder
554 618 55 22 om
621 606 176 46 Hofpitals
807 609 63 43 Kyr-

67 652 168 44 kogården
256 677 7 13 ,
303 652 57 33 dår
392 664 40 21 en
460 653 107 32 brunn
597 651 128 39 finnes,
762 653 65 32 och
854 664 40 21 en

67 697 103 46 grand
193 696 38 33 til
260 697 56 32 åen
332 698 171 45 nedlöper.
622 709 13 20 1
655 699 65 32 åter
740 698 155 45 inrymde

68 745 67 32 han
152 742 121 34 Staden
290 754 40 21 en
347 742 98 48 plats,
475 743 84 38 och,
576 745 54 31 for
645 744 41 32 ds
704 743 192 35 tilftotande

68 790 141 44 bergens
237 787 105 40 fkull,
375 789 79 34 fmal
482 789 116 45 långd,
638 790 37 33 af
697 801 88 30 1150
808 791 88 32 alnar

69 839 148 30 nårmare
233 835 29 33 åt
271 834 132 39 Slottet,
424 834 69 35 fom
509 837 85 33 ånnu
609 834 108 35 kallas
729 836 147 35 Slotslun-

69 882 78 37 den,
159 881 38 34 til
208 882 253 44 Slotsgrinden;
477 882 66 33 han
558 882 123 35 befalte
696 884 66 32 ock
777 884 119 43 tillika,

69 938 33 24 at
117 928 41 33 de
175 928 14 33 å
205 928 304 44 Aningais-backen
526 927 134 34 boende
673 929 105 34 fkulle
794 928 43 46 fig
852 931 30 31 åf-

69 986 78 22 wen
161 973 50 34 hit
224 973 37 33 til
278 975 206 44 Siotswågen
504 972 111 47 flytta.
643 973 100 35 Defle
763 977 134 34 twånne

68 1021 131 34 låledes
220 1020 120 34 tilokte
370 1020 142 45 ilycken
536 1021 77 32 heta
636 1032 44 21 nu
702 1022 191 44 Nyiladen,

70 1066 66 35 och
155 1066 63 33 den
239 1066 56 32 dår
316 1066 133 44 belågne
471 1065 176 45 Hofpitals
664 1068 139 42 Kyrkan
825 1067 52 33 kal-

69 1113 50 34 las
142 1111 205 45 Nykyrkan.
395 1111 43 32 På
460 1110 101 34 andra
592 1110 82 35 eller
697 1111 85 35 oftra
805 1112 91 37 fidan

69 1171 57 22 om
162 1159 55 33 åen
246 1157 208 45 utvvidgades
487 1158 111 34 åfweu
622 1156 123 37 Staden
772 1160 52 38 få,
864 1170 32 23 at

70 1205 60 33 det
153 1203 118 34 fwarar
294 1215 92 22 emot
405 1204 250 34 ofwanikrefne
670 1205 120 34 tilokte
812 1206 68 45 plåt-

68 1250 68 38 ier,
165 1251 207 43 därigenom,
406 1259 32 23 at
458 1250 41 34 de
519 1248 90 48 fingo
633 1253 108 44 intaga
763 1252 27 33 la
811 1253 85 43 långt

68 1296 120 46 flycke
203 1298 37 33 af
253 1295 154 35 Sotalais-
432 1298 79 44 ågor
533 1299 65 32 och
620 1298 41 33 til
680 1297 144 34 Heikilå
838 1300 39 32 La-

69 1343 141 45 dugårds
233 1343 105 43 ångar.
388 1345 120 33 Denne
531 1345 92 32 trakt
651 1346 31 30 år
708 1344 90 33 dock
822 1346 74 33 icke

69 1389 148 35 blefwen
247 1390 62 31 rått
337 1389 151 47 bebygd,
526 1399 79 25 utan
634 1391 108 32 finnes
766 1390 57 34 hår
852 1403 44 22 nu

70 1437 152 32 Stadlens
240 1435 168 44 Tegellal,
439 1437 160 33 hwarwid
623 1449 14 20 1
657 1435 140 36 Mattare
817 1437 78 35 med

72 1492 18 32 9
113 1481 138 44 drängar
277 1480 38 34 flå
339 1483 120 45 årligen
489 1482 68 34 wid
579 1480 70 50 pafs
673 1485 113 31 60000
807 1484 70 46 ftyc-

70 1529 163 43 kengoda
252 1530 105 43 tegel,
374 1529 130 37 bleket,
521 1525 78 38 famt
617 1528 260 47 StadfensSkcps-

73 1574 125 34 hwarf.
236 1571 71 39 fom
327 1576 89 36 dock
434 1586 44 23 nu
497 1575 40 47 på
551 1576 95 46 några
668 1575 31 36 år
719 1579 29 41 ej
770 1579 32 33 är
819 1576 56 35 bru-

828 1623 58 33 kar
