965 1731
340 66 100 39 »f§O§?*
483 73 20 22 O
543 66 100 40 «|o§»

79 75 36 23 12

73 138 69 33 kat.
193 137 46 33 At
268 136 42 35 de
337 138 37 32 af
393 135 86 36 ålder
500 135 171 36 wardsloft
695 136 112 47 bygde
831 136 63 36 hus

74 183 65 33 och
160 184 159 33 inrättade
344 194 92 34 gator
461 183 99 33 måtte
581 183 111 34 blifvva
715 185 160 34 ordenteli-

72 240 94 34 gare,
194 229 121 35 befalte
330 230 119 34 famma
468 229 86 35 flora
571 230 199 35 Hushållare
785 232 108 34 åfwen

76 277 83 40 1651
179 277 65 33 dea
261 286 40 28 x
303 286 21 28 8
325 279 86 38 Junii
427 276 214 45 Magillraten
655 304 7 10 ,
686 288 32 22 at
738 279 83 32 efter
840 281 36 30 lu-

71 326 178 43 genieuren
271 326 103 32 Hans
397 326 186 32 Hanssons
606 324 123 34 fattade
751 324 140 39 Charta,

70 381 122 34 genom
215 371 131 45 refning
363 371 64 33 den
450 371 145 44 regulcra
609 398 6 10 ,
651 371 64 33 och
738 371 41 33 de
792 371 84 33 invvå-

79 427 78 22 nare
173 442 7 12 ,
210 415 68 34 fom
299 415 84 36 hade
401 417 190 45 därigenom
611 416 196 38 bekäftnad,
830 417 47 33 fin-

70 473 43 35 go
139 473 26 31 3.
189 464 47 33 års
252 464 101 36 frihet
375 465 54 33 for
457 464 248 34 Mantals-och
736 464 156 45 Bakuugs

69 512 246 44 peuningarne,
342 510 79 33 famt
439 511 37 33 af
483 509 213 47 Magiftraten
711 510 183 45 forlåkring

70 567 56 21 om
143 556 102 45 tilgifr
267 557 38 45 på
322 558 20 31 6
364 557 47 34 års
433 566 170 24 tomtoren
626 555 66 34 och
708 556 165 44 dagswårc-

68 602 66 33 ken
146 604 7 30 i
168 613 14 29 3
197 602 39 34 år.
251 602 132 34 Således
399 604 55 32 åro
471 603 42 33 de
528 600 177 36 fornårhfte
716 614 43 22 nu
770 613 104 23 waran-

69 647 43 33 de
126 658 93 34 gator
236 649 139 33 wordne
391 648 171 35 inrättade.
590 648 116 34 Öfwer
726 648 65 32 alla
807 647 86 35 defla

68 694 444 35 General-Gouverneuren
534 696 138 32 Brahes
700 693 56 34 hår
776 695 117 43 giordc

68 740 237 45 berömmeliga
334 740 171 38 anftalter,
531 740 58 33 har
606 741 141 33 Hennes
770 740 122 45 Kongl.

69 785 669 47 Maj:tDrottniugCHßlSTlNA,famt
747 785 145 37 Rikfens

68 833 74 32 Råd
158 833 64 33 och
242 833 149 37 Stunder,
410 834 67 32 wid
498 833 194 45 Riksdagen
705 834 101 40 1650,
824 835 51 31 ior-

68 879 108 33 klarat
192 879 77 42 nöje
280 879 63 33 och
355 879 188 44 wålbehag,
563 879 64 32 och
645 879 108 32 tillika
768 878 106 34 förfåk-

67 934 62 28 rat,
141 934 41 33 at,
191 925 96 32 ledan
301 925 56 33 det
368 924 195 45 foregående
572 924 76 32 med
660 923 77 34 Stad
744 922 69 35 fens
824 935 50 34 reg-

69 972 134 34 lerande
217 971 123 35 blifvvit
363 971 192 45 fullgiordt,
572 970 105 34 lkulle
695 970 63 36 den
775 971 66 33 ock
855 971 36 34 få

68 1021 110 42 intaga
209 1028 41 23 en
283 1017 55 34 del
368 1019 38 32 af
427 1017 267 47 Bilköps-åkern
730 1028 79 22 norr
835 1028 56 23 om

68 1066 160 43 Kyrkan,
252 1064 82 34 ifrån
366 1065 65 33 den
458 1065 138 45 Biikops
614 1064 189 43 tvvårgatan,
821 1062 69 37 fom

68 1112 38 32 af
115 1110 86 34 ålder
220 1110 125 33 blifvvit
363 1110 108 32 kallad
493 1110 120 44 Helige
631 1110 113 33 Andes
767 1110 120 44 grand;

68 1156 142 33 hwaruti
226 1156 65 32 ock
310 1155 121 34 Staden
448 1155 73 33 blef
535 1160 85 39 iöjx
637 1156 37 32 af
683 1156 38 34 då
737 1155 154 33 warande

67 1202 302 46 Landshofdingen
397 1202 146 45 inrymd.
604 1201 39 35 Så
663 1212 32 24 at
709 1202 64 33 den
790 1214 44 20 nu
851 1202 38 46 på

69 1261 99 22 norra
199 1248 104 34 andan
338 1250 50 37 år,
410 1248 14 34 å
440 1247 89 35 omfe
548 1247 85 35 fidor
651 1260 56 22 om
724 1248 55 33 åen
792 1274 8 11 ,
820 1248 69 33 lika

68 1296 92 45 lång;
188 1294 86 35 öfter
297 1295 29 33 åt
342 1294 74 35 med
439 1297 131 31 wackra
589 1295 59 32 hus
672 1293 65 34 och
753 1293 132 44 gårdar,

68 1353 77 22 men
167 1353 79 22 norr
261 1341 29 34 åt
313 1342 75 32 med
406 1341 122 37 bodar,
554 1340 144 45 bebygd.
748 1339 139 35 Stadens

68 1388 76 33 hela
160 1388 96 45 långd
277 1389 31 34 år
329 1400 45 20 nu
395 1387 85 33 ofter
504 1398 56 22 om
581 1388 59 34 äen
663 1398 90 32 4040
776 1386 109 39 alnar,

68 1446 77 21 men
172 1447 79 21 norr
278 1435 65 33 och
367 1432 115 36 wåfter
510 1445 100 30 4)*oo.
676 1431 152 36 Bredden
853 1433 35 33 år

69 1480 138 45 mycket
230 1480 110 38 olika,
363 1492 75 22 men
460 1480 96 33 twårt
574 1480 104 33 ofvver
694 1479 139 39 Staden,
862 1483 12 30 i-

68 1528 181 33 frånFå-in
264 1528 38 34 til
315 1525 404 49 Aningais-Tullportcn,
735 1529 70 43 gior
821 1525 66 35 den

70 1585 93 33 2450
180 1573 101 34 alnar.
