965 1731
325 51 99 39 tggoggi
468 61 19 20 o
529 50 96 39 *ä§of>«

853 60 35 28 15

72 121 181 45 ptwåftra,
281 132 98 23 norre
394 120 64 33 och
474 119 94 35 fodre
583 128 200 38 qwarteren,
805 117 82 38 famt

72 169 184 46 Nyftaden.
293 170 54 31 De
362 167 112 46 raänge
490 167 155 47 publique
660 167 232 45 Bygningarne

73 216 130 45 tillägga
226 215 121 34 Staden
381 214 76 33 icke
485 218 92 40 ringa
603 215 156 44 prydnad
777 228 6 17 :
820 212 72 36 fom

72 262 248 44 Domkyrkan,
348 261 38 33 af
411 272 66 29 300
494 261 70 33 fots
594 259 116 46 långd,
738 272 62 29 Ix
803 272 19 29 7
823 261 68 33 fots

73 307 106 35 bredd
192 336 7 11 ,
225 307 81 35 famt
321 311 10 30 i
347 306 132 46 hogden
507 307 38 32 til
562 304 122 36 fielfwa
707 305 101 35 roftet
827 318 65 31 150

72 356 148 32 fot.Meu
239 353 239 47 detprydelige
593 352 157 47 upbygde
759 362 129 30 tornet,

71 399 71 36 fom
162 400 119 35 flråkte
304 400 44 46 fig
363 399 39 33 til
430 411 64 28 300
511 400 68 32 fots
597 398 109 46 hogd,
735 398 66 35 och
822 398 71 34 fom

73 448 114 34 ofwan
212 448 134 34 formålt
367 446 49 37 Sr,
453 446 86 41 1738
567 444 139 43 afbran,
735 446 60 33 har
816 444 77 35 icke

72 494 88 33 ånnu
175 494 131 33 förmått
320 491 111 49 uprefa
451 491 53 46 fig.
542 493 101 32 Dock
660 493 54 44 åga
735 493 139 33 klockor-

71 551 44 22 ne
130 539 66 34 och
219 539 211 44 fåjarwårket
451 538 54 33 hår
520 550 87 35 oppe
623 537 38 34 fit
675 551 83 22 rum.
799 540 70 32 Den-

71 597 44 22 na
148 587 117 43 Kyrka
304 585 129 35 betiena
478 586 157 33 Swenika
670 585 65 35 och
774 585 119 34 Finika

71 631 391 47 Dom-F6rfamlingarne
481 631 43 44 fig
541 633 50 36 af,
628 631 64 33 och
716 631 156 34 underhål-

70 677 51 34 les
143 677 237 34 Gudstienften
403 681 10 28 i
438 676 64 33 den
528 678 90 31 förra
640 678 38 31 af
699 677 170 45 Domprob-

70 722 89 37 ften,
190 724 131 32 twånne
345 721 197 47 Capellaner
564 722 66 34 och
651 723 163 41 Adjuncti
829 724 42 33 Ar-

71 768 226 47 chipraepofiti
314 784 8 24 ;
360 772 10 30 i
391 769 64 34 den
484 767 110 35 fenare
623 769 39 33 af
697 769 175 45 Kyrkoher-

72 814 68 35 den
170 815 75 33 med
276 828 15 28 3
335 814 205 49 Capelianer.
620 816 123 33 Denna
776 818 118 43 Kyrka

71 863 176 44 omgifwes
271 863 38 33 af
329 859 320 41 Academie-Hufet,
677 860 72 36 defs
769 862 106 34 Biblio-

70 907 141 46 theque,
234 907 107 46 gamla
359 907 162 38 Scholan,
548 907 70 35 fom
640 907 40 34 til
697 909 196 35 Anatomie-

71 953 56 33 Sal
143 956 32 31 år
197 956 123 42 gifweu
342 955 64 32 och
432 953 202 40 deftinerad,
662 951 79 38 famc
762 967 45 22 nu
826 966 45 24 wa-

71 1000 106 34 rande
198 1000 287 39 Dom-Scholan,
524 999 71 34 fom
616 1000 158 35 tilforene
795 1005 97 30 warit

71 1045 177 46 Gymnafii
268 1047 75 32 Hus
360 1072 8 11 ,
401 1050 99 28 innan
523 1045 205 34 Academien
750 1049 126 45 upråtta-

71 1091 73 33 des.
191 1093 70 30 Hår
284 1094 195 31 informeras
507 1103 41 22 en
573 1092 99 33 talrik
692 1096 147 42 ungdom
859 1095 38 33 af

72 1137 19 34 8
110 1139 134 36 Lärare,
269 1147 94 23 utom
377 1139 177 33 Direcliore
569 1139 137 33 Cantus,
749 1141 36 42 Ej
805 1139 89 46 långt

71 1184 85 33 ifrån
183 1185 227 43 Domkyrkan
443 1187 31 30 år
503 1186 65 33 ock
592 1184 296 47 Landshofdinge-

71 1230 92 33 Såtet
189 1230 141 45 belågit,
375 1231 75 34 med
477 1232 325 34 Lands-Cancelliet
824 1232 68 34 och

71 1276 193 34 Contoiret.
319 1277 91 33 Midt
432 1279 67 33 wid
525 1277 85 36 flora
630 1288 132 34 torget,
796 1288 96 24 utom

71 1321 143 35 hwilket
243 1333 32 24 et
307 1333 97 24 annat
432 1324 106 35 finnes
568 1328 33 31 in
630 1325 69 34 wid
728 1326 160 43 Kyrkan,

72 1368 65 34 och
160 1370 56 34 det
236 1370 105 34 tredie
358 1371 38 45 på
419 1373 137 33 Stadens
576 1382 97 23 norra
697 1368 85 41 fida,
816 1382 48 23 mö-

71 1423 50 25 ter
133 1416 120 44 Kongl.
269 1417 304 41 Hofråtts-Hufet,
597 1418 69 34 fom
681 1416 104 34 under
800 1417 90 36 förra

71 1460 124 45 Ryfka
223 1462 120 35 wåldet
366 1464 136 39 afbran,
542 1462 79 37 famt
640 1473 121 35 genom
783 1464 105 35 omild

71 1507 143 35 medfart
228 1509 64 33 och
313 1509 123 36 taklofa
453 1510 258 37 forderfwades,
733 1510 66 33 och
816 1511 54 34 dår-

71 1552 73 36 före
160 1555 186 36 merendels
361 1558 80 36 ifrån
465 1557 149 37 underfta
628 1555 173 47 wåningen
820 1558 68 33 och

800 1602 64 34 bod-
