965 1731
347 66 100 40 <|c§3f
490 75 19 20 O
551 67 99 39 *j£o|s*

85 78 40 21 20

81 140 102 32 innan
208 137 41 34 de
274 135 149 37 fordelas
448 139 9 30 i
484 134 66 35 fine
573 136 154 36 fårfkilte
752 141 146 43 närings*

82 185 96 42 fång,
206 183 81 34 forft
312 184 13 33 å
352 183 80 44 daga
457 182 89 45 lågga
572 182 93 35 deras
681 184 97 34 antal.
827 187 72 32 len

79 229 35 33 få
138 230 175 45 angelägen
338 228 55 35 fak
418 229 61 32 har
502 240 75 22 man
602 229 113 35 hårtils
740 230 77 34 mall
841 231 37 34 be-

76 275 113 47 hielpa
214 275 45 46 fig
285 277 76 33 med
384 277 195 44 giisningar,
604 275 111 46 bygde
741 280 157 42 antingen

76 321 40 46 på
140 326 126 43 private
282 323 118 33 huiens
417 322 106 36 antal,
551 321 79 34 eller
652 323 224 46 mantals-Mng-

78 369 121 39 derne,
227 370 81 33 eller
322 368 295 47 kyrkoböckerne.
664 370 55 32 Wi
739 370 157 34 behofwa

76 415 78 33 icke
179 428 45 21 nu
249 428 89 22 mera
363 416 37 44 gå
426 415 27 34 la
468 414 112 34 owifla
597 416 126 44 wågar,
742 416 65 33 och
831 419 67 31 kan

76 472 88 24 vvara
188 473 69 35 nog
277 464 38 32 af
335 471 33 25 at
386 463 134 35 nåmna,
556 461 55 33 det
636 464 127 44 private
794 463 105 33 hufen

76 508 66 33 och
167 509 174 44 gårdarnc,
369 510 73 37 åro,
471 509 83 32 efter
573 509 105 44 foreg.
694 513 35 35 §.
744 509 69 33 vvid
828 508 71 45 pafs

79 561 86 31 800,
186 553 79 36 famt
286 565 33 23 at
333 559 9 29 i
363 553 302 45 mantals-längden
679 556 55 31 for
755 554 144 43 åri74B.

76 599 111 36 finnas
214 611 142 36 uptagnc
380 612 99 29 305-0.
501 600 65 32 och
590 602 53 33 for
665 602 234 33 innewarandc

78 646 33 34 år
129 658 99 33 1749.
253 657 14 29 3
275 660 13 20 1
297 659 54 30 74-
368 647 171 46 pcrioner,
563 647 211 44 undantagne
796 647 42 33 de
859 647 40 33 til

78 693 209 34 Acadcmien
307 693 158 34 horande.
518 693 53 31 Af
589 692 126 34 hwilka
738 693 62 37 de,
828 691 71 37 fom

79 742 12 30 i
114 739 107 34 denna
242 740 96 45 längd
369 749 136 36 optagas
533 738 98 45 böra,
664 739 91 34 detta
786 740 31 33 år
841 741 56 33 åro

81 788 79 31 i6z.
209 786 310 45 Kyrkobockerne,
547 785 65 33 och
634 785 43 33 de
693 789 9 29 i
719 786 76 33 dem
809 788 71 32 fore-

78 833 207 33 kommande
310 834 220 45 optekningar
554 831 40 46 på
617 831 105 34 födda
747 832 65 34 och
837 833 41 33 dö-

79 879 41 33 da
133 905 7 11 ,
175 880 141 32 fortiana
349 889 121 34 nogare
503 875 274 47 opmårkfamhet.
846 879 53 33 Då

77 935 79 25 ir»an
182 923 57 34 flår
265 924 128 47 tilhopa
419 923 40 33 de
484 923 105 33 födde
611 923 68 33 och
704 924 89 33 döde
809 924 57 34 hår
888 928 11 30 i

79 970 71 36 Abo
167 971 52 34 för
244 971 42 34 de
313 983 51 21 10.
402 968 65 35 nåft
498 968 161 35 forflutne
689 981 95 28 aren,
818 971 81 34 eller

79 1018 85 34 ifrån
197 1017 66 34 och
288 1017 77 35 med
394 1025 96 33 1739.
522 1016 37 32 til
591 1016 65 34 och
689 1017 77 33 med
798 1018 101 42 1748.

81 1065 67 34 och
173 1066 73 44 gior
271 1064 98 34 deraf
389 1072 32 25 et
452 1061 192 40 medel-tal,
681 1062 140 36 förhålla
854 1062 45 48 fig

80 1111 123 45 årligen
225 1110 40 34 de
291 1111 87 33 förra
402 1110 38 32 til
465 1109 42 34 de
531 1108 110 35 fenare
667 1109 69 34 fom
760 1121 79 29 xis.
860 1110 39 34 til

81 1171 105 21 a
187 1171 246 21 3
131 1170 32 21 o.
212 1157 155 33 Hwilket
391 1154 204 35 forhållande
617 1158 121 42 tyckes
762 1155 137 36 befaiina

81 1204 44 33 de
164 1202 190 35 utomlands
385 1201 116 47 giorde
531 1203 266 45 anmärkningar,
832 1212 32 25 at
888 1205 11 32 i

79 1250 149 34 Itåderne
253 1251 74 32 icke
352 1247 132 35 allenaft
516 1247 79 35 flere
623 1248 214 35 hådankallas
860 1251 39 32 ån

80 1298 41 45 på
146 1297 129 38 landet,
302 1305 78 24 utan
407 1304 32 24 at
463 1295 67 32 ock
556 1298 10 29 i
591 1294 135 45 fomligc
751 1295 81 34 flere
853 1296 45 34 do

82 1345 39 32 ån
147 1343 107 35 födas.
303 1340 187 35 Orfakerne
516 1340 39 34 til
578 1340 103 35 ftorre
705 1340 194 47 dödelighet

82 1393 10 31 i
120 1392 155 33 Städerne
300 1390 39 32 ån
363 1388 39 48 på
432 1386 250 46 landsbygden,
710 1389 112 32 kunna
838 1400 46 22 \va-

82 1447 55 23 ra:
165 1449 41 22 en
231 1439 160 45 yppigare
423 1434 65 34 och
519 1433 109 35 hallan
660 1445 87 23 mera
780 1435 102 34 forfto-

82 1484 103 32 rande
201 1484 50 33 lef
252 1484 80 34 nåds
346 1492 65 28 art,
440 1480 79 35 flere
534 1478 187 37 fmkdomar
738 1482 36 32 ån
792 1480 90 36 landt-

84 1541 144 22 mannen
250 1540 66 24 wet
340 1530 51 40 af;
418 1538 33 24 at
469 1526 130 35 fmittor
616 1527 56 35 dår
687 1528 112 34 lättare
814 1530 64 33 kun-

83 1588 42 23 na
153 1576 137 36 utbreda
322 1576 64 47 fig;
425 1574 80 36 flere
543 1573 140 37 tilfållea
721 1575 38 35 til
791 1574 108 36 flarka

790 1619 108 37 finnes
