965 1731
455 75 35 25 .o
532 65 99 41 »go§3*

848 75 37 23 21

72 136 107 35 finnes
194 136 156 40 rorelfer;
377 136 65 34 den
463 139 9 31 i
489 136 182 46 fynnerhet
685 136 203 47 trångbodda

71 183 65 34 och
169 182 137 41 låglänta
335 182 104 35 ftåder
471 183 181 43 åtföljande
686 182 95 36 flank
825 183 65 35 och

70 230 234 45 utdunfrning,
332 238 32 25 at
387 231 120 44 fortiga
524 229 79 35 flera
616 229 129 46 dylika.
778 231 114 34 Hwad

71 280 12 29 i
103 275 181 45 lynnerhet
301 276 65 34 Åbo
395 277 113 44 angår,
535 277 27 32 la
586 276 121 46 tyckes
732 276 71 34 defs
822 276 69 46 laga

70 323 66 34 och
151 324 178 45 inomberg
344 323 64 33 och
424 323 125 45 hogder
565 325 39 45 på
622 323 64 33 alla
698 320 85 37 fidor
798 326 75 32 inne-

69 369 108 34 flutna
202 369 204 46 belägenhet,
424 370 72 33 deis
521 369 78 34 brift
624 370 39 46 på
685 370 83 44 godt
784 379 102 30 watn,

69 416 68 34 och
163 415 82 39 dels,
273 416 122 33 oaktad
417 417 44 32 all
487 416 140 34 anwänd
652 415 164 47 fyllning,
835 418 35 31 än-

69 474 47 23 nu
141 463 144 45 fumpige
311 463 64 34 och
409 463 197 45 kiårraktige
632 463 72 38 del,
737 463 133 39 Måtäjår-

68 512 66 33 wi,
162 509 76 33 icke
269 509 76 33 lätta
378 508 64 35 den
477 513 10 29 i
518 509 41 33 de
582 507 149 36 fundafte
757 509 134 34 Städers

70 553 109 40 antal;
207 554 104 34 ehuru
326 564 135 26 naturen
481 555 132 46 nedlagt
628 555 155 34 läkedom
798 559 11 30 i
825 555 67 35 den

70 601 124 34 Staden
216 601 222 46 widliggande
462 603 127 45 Cuppis
613 600 177 39 furbrunn,
824 601 66 34 och

69 646 162 38 konften,
251 651 59 28 iet
327 649 187 32 wålforledt
528 649 220 44 Apotheque,
774 646 69 35 fom
858 648 39 32 af

69 695 71 32 min
169 695 33 30 k.
225 693 103 33 Fader
352 693 221 35 underhålles.
629 695 104 37 Men,
759 694 56 33 det
836 706 37 21 an-

69 739 101 34 förda
185 739 132 39 ocktat,
344 739 39 34 dä
408 742 44 31 \vi
477 740 39 44 pä
541 739 196 34 förbemålte
763 738 59 35 fatt
843 750 32 23 ta-

69 797 42 35 ge
133 786 41 33 de
191 785 121 34 föddas
338 785 65 34 och
428 785 105 35 dödas
549 786 88 34 antal
654 795 55 24 10.
731 786 32 34 år
777 787 110 44 längre

70 831 145 39 tilbaka,
242 832 81 34 eller
339 833 71 33 från
430 841 84 35 1729
529 833 37 33 til
584 833 92 43 1738.
690 832 141 34 förhålla
845 830 45 48 fig

72 879 43 33 de
140 879 89 32 förra
253 878 39 33 til
317 876 89 36 defTe
430 878 69 34 fom
528 882 75 39 176.
620 879 38 34 til
679 889 70 34 170.
773 878 121 35 hvaraf

69 923 160 44 fkonjes,
264 934 33 25 at
323 925 121 34 Staden
466 926 76 33 icke
558 924 135 35 allenaft
713 923 96 37 fedan
824 925 64 33 den

72 971 92 35 tiden
190 973 10 31 i
223 971 188 34 folkrikhet
436 971 185 45 anlenligen
649 971 139 46 tiltagit,
809 981 79 24 utan

71 1019 85 41 ock,
181 1027 33 23 at
238 1016 71 35 defs
342 1027 81 34 egna
454 1015 111 36 affoda
596 1019 32 32 är
658 1018 99 44 något
787 1016 104 35 florre

71 1065 40 34 in
136 1064 169 44 afgången.
350 1064 83 31 Men
459 1073 30 23 at
515 1064 74 33 icke
608 1063 27 35 få
659 1064 173 33 förwetter
847 1063 44 33 de

74 1122 52 21 10.
142 1108 92 35 fidfta
248 1109 93 38 åren,
370 1108 148 35 hårrorer
535 1109 226 45 foruåmligafl
776 1108 38 35 af
822 1109 67 34 den

75 1168 99 31 1740.
196 1154 203 46 graflerande
422 1156 173 39 rödfoten,
613 1158 82 32 lamt
720 1156 42 34 de
790 1167 99 31 1747.

71 1206 12 30 i
113 1203 110 44 fvvang
256 1202 123 45 gående
408 1203 194 45 kopporne;
636 1201 124 35 hwilka
784 1205 105 42 giort,

73 1259 34 25 at
131 1248 83 34 bäde
246 1246 86 36 defTe
359 1248 74 33 åren
463 1249 69 33 wid
557 1250 73 46 pafs
663 1247 138 36 dubbelt
832 1247 44 34 fle-

72 1308 35 22 re
131 1295 100 40 dodt,
256 1297 38 32 åu
321 1294 90 44 eljeft
437 1296 147 45 wanligit
609 1298 40 32 är.
703 1297 60 43 Jag
783 1291 107 37 fkulle

71 1344 117 43 gärna,
215 1352 32 24 at
271 1341 116 34 blifvva
411 1341 91 34 dello
527 1340 125 36 wilfare
677 1339 191 36 omfodelfe-

73 1389 194 45 längdernes
294 1387 205 36 forhållande
523 1390 38 32 til
594 1386 294 45 dods-regifterne,

72 1434 81 34 iamt
185 1445 33 24 at
245 1435 108 33 tillika
384 1434 89 34 finna
513 1435 139 35 Stadens
692 1433 200 46 fmåniugom

73 1481 124 34 Ikedde
221 1482 127 32 tilwixt
374 1484 10 29 i
411 1481 208 39 folkrikhet,
648 1480 37 46 gå
711 1480 86 34 ännu
825 1480 49 33 lån-

73 1539 57 34 gre
155 1527 145 37 tilbaka;
325 1540 76 22 men
421 1529 52 33 for
499 1528 64 33 den
596 1529 39 32 då
657 1525 233 47 emottagande

74 1570 118 51 Ryfka
218 1575 200 36 ofvervvålds
443 1574 114 38 tiden,
588 1573 116 39 faknas
735 1577 157 40 aatingea

491 1622 24 33 B
533 1632 15 30 3
806 1621 60 43 kyr-
