965 1731
335 63 100 40 «sfo§?»
477 72 20 23 o
538 63 100 40 tffog»

856 69 39 31 23

79 135 68 35 fom
173 136 74 44 åger
270 134 189 46 fkogrikare
490 132 211 47 belägenhet,
731 130 63 36 dor
823 132 59 34 ärli-

77 194 63 35 gen
166 182 191 47 näppeligen
382 181 93 34 hwar
502 180 120 38 6o:de,
649 179 68 34 fom
741 179 58 33 hår
829 180 67 33 ock

77 229 110 34 finnas
220 231 10 31 i
261 231 198 44 proportion
491 226 80 36 flere
604 224 218 48 ålderftegne,
855 227 41 33 åa

78 275 69 35 wid
171 274 270 49 Moderkyrkan.

439 366 36 35 §.
500 360 32 35 8.

167 415 72 35 Här
264 420 10 30 i
303 416 122 34 Staden
467 414 107 36 finnes
609 414 64 35 den
708 412 189 50 Hoglofilge

76 461 131 47 Kungl.
231 462 193 45 Hdfrdtten
449 464 105 32 ofvver
577 461 320 36 Storforftendomet

77 509 138 34 Finland
230 536 7 11 ,
255 511 81 32 lamt
350 522 40 22 en
405 509 130 46 Kungl.
546 507 183 36 Academie
742 535 8 12 ,
769 508 128 36 hwilka

76 554 164 46 anfenliga
256 558 108 36 wårk,
379 556 75 33 med
473 555 65 33 fina
552 555 221 38 Ledamöter,
789 555 89 34 Betiå-

75 604 81 43 iiing
182 602 65 33 och
279 603 65 33 den
378 602 69 34 wid
470 602 77 34 dem
582 600 44 46 fig
650 601 245 46 uppehållande

74 648 65 32 och
171 648 220 34 förkofrande
418 649 211 44 ungdomen,
670 649 39 31 til
741 645 156 37 Stadfens

74 693 161 34 anfeende
261 693 65 35 och
352 693 186 34 folkrikhet
570 694 76 32 icke
670 696 92 41 ringa
787 693 91 34 bidra-

73 750 50 34 ga.
186 739 37 33 Så
250 742 33 31 år
313 743 66 31 ock
410 740 109 34 denna
549 749 52 23 ort
631 739 156 47 beprydd
818 740 79 35 med

75 784 388 48 Landshofdinge-Jate,
491 786 226 45 Bifkops-fiol
734 786 66 34 och
816 786 61 34 Con-

65 830 172 46 fiftorium
265 831 268 46 Ecclejiafticum
545 859 7 11 ,
580 832 126 34 hwilka
725 834 77 44 fyra
825 834 52 33 for-

74 878 121 34 nämfta
205 879 177 39 Ämbeten,
405 880 77 34 med
497 879 126 34 hwilka
640 879 122 34 Staden
780 881 31 32 år
826 891 46 23 om-

72 926 139 44 gifwen,
232 927 85 32 efter
342 926 111 45 någras
480 927 119 37 tanka,
623 925 160 34 beteknas
795 929 11 30 i
819 925 73 35 dels

73 971 95 45 Sigill
193 983 121 34 genom
330 985 21 30 4
367 972 91 43 liljor
479 971 79 34 eller
575 972 110 36 rofor,
720 970 71 35 fom
807 971 43 35 (tå
866 975 13 31 i-

71 1018 101 45 kring
194 1028 33 24 et
243 1020 41 34 A.
305 1018 76 34 med
403 1016 192 47 Munkflyl.
641 1019 84 33 Men
754 1019 141 34 emedan

72 1063 92 33 detta
188 1064 93 43 Sigill
298 1067 103 40 röjer,
425 1074 33 22 at
478 1063 57 33 det
553 1067 10 29 i
579 1063 227 34 Påfwedömct
820 1064 60 35 blif-

72 1111 62 34 wit
149 1110 213 45 wedertagit,
390 1111 63 34 och
481 1110 72 33 altfå
579 1111 94 32 forån
691 1109 87 35 fläfte
794 1110 100 36 delen

71 1158 39 32 af
131 1154 86 36 deffe
242 1157 156 33 Ämbeten
418 1157 123 34 blifvvit
567 1156 178 36 inrättade;
770 1157 124 44 tyckes

71 1202 67 33 den
163 1202 184 46 gifsningen
363 1215 87 21 wara
474 1203 172 45 troligare,
673 1213 33 24 at
730 1195 87 42 defta
839 1204 40 33 lil-

66 1251 59 42 jor
154 1249 82 34 eller
260 1249 90 34 rofor
374 1250 123 34 blifvvit
523 1250 51 33 hit
600 1248 142 49 flyttade
772 1261 39 23 ur
834 1249 40 35 he-

71 1295 33 33 la
129 1295 372 35 Stor-Furftendömets
520 1308 118 36 wapn,
663 1296 111 34 hwars
793 1298 81 31 krön-

71 1352 34 23 ta
130 1345 108 43 Lejon
270 1343 77 35 med
380 1346 53 31 nie
463 1342 89 35 rofor
577 1344 157 43 omkring
767 1341 104 48 bepry-

71 1389 72 35 des.
191 1392 78 32 Den
296 1389 173 46 wålloflige
486 1389 232 47 Maglftraten
743 1388 59 34 har
822 1391 11 31 i
850 1389 28 34 ål-

71 1434 60 34 dre
157 1437 86 33 tider
270 1438 94 31 warit
388 1436 153 35 talrikare
567 1438 39 31 ån
632 1447 63 25 nu,
728 1433 68 36 och
822 1435 69 37 wid

72 1480 97 36 flutet
193 1483 38 33 af
360 1479 79 38 famt
463 1483 116 43 början
599 1483 38 33 af
658 1481 233 35 i6:deSeculo

71 1527 116 35 beftått
210 1530 39 32 af
266 1538 37 32 4.
326 1529 219 46 Borgmåftare
566 1528 65 33 och
655 1539 32 32 9.
715 1528 149 35 Rådmän
877 1544 11 27 j

71 1574 117 40 fedan,
215 1575 85 35 midt
321 1576 209 36 inåftnåmde
556 1573 169 37 hundrade
734 1596 11 6 -
754 1576 50 36 års
818 1575 69 37 tid,

485 1622 25 35 B
524 1634 23 34 4
848 1620 40 39 da
