965 1731
331 63 99 39 tlgof»
473 75 22 21 o
536 66 100 40 «{gogo»

68 68 43 31 24

67 131 40 34 då
132 128 163 36 handelen
321 130 75 41 hår,
425 131 69 37 fom
520 135 77 47 nyfs
630 138 155 41 nåmdes,
818 141 70 33 for»

67 178 186 43 fwagades,
288 180 38 33 af
346 191 29 29 3.
397 180 223 47 Borgmåftare
642 185 64 33 och
740 186 30 35 8.
799 188 68 34 Råd-

67 225 87 34 mån,
202 224 53 33 Nu
280 225 133 35 allenaft
438 230 38 33 af
486 230 148 38 twånne,
651 233 162 46 nemligen
832 235 38 41 Ju-

66 269 169 37 ftitie-och
266 272 140 35 Politie-
423 275 218 46 Borgmåftare
668 279 64 33 och
761 292 16 30 5
799 282 68 33 Råd-

66 318 95 37 mån,
187 329 95 23 utom
306 320 120 36 Pra;les
451 324 9 30 i
488 324 159 34 Kåraners
658 346 10 4 -
678 328 122 33 Ratten
813 355 8 10 ,
848 340 42 22 en

67 365 206 33 Secrcterare
291 367 64 33 och
372 379 39 22 en
431 369 169 36 Notarivs.
632 373 237 34 Kåmners-Rat-

67 418 58 25 ten
148 410 157 40 beklåda,
327 423 94 25 utom
448 415 141 35 bemålte
615 418 141 38 Prasies,
784 423 84 32 twån-

67 467 44 22 ne
135 457 190 45 qvartaliter
350 461 37 33 af
410 461 214 45 Magiftraten
647 465 49 33 dit
718 467 153 33 forordna-

68 501 44 36 de
135 504 151 46 Borgare.
336 507 104 34 Utom
458 507 70 36 defs
544 509 107 35 finnes
669 512 54 33 hår
740 516 8 29 i
767 515 124 33 Staden

67 548 533 40 Hall-Accis-Siotulls-Påft-och
618 557 274 48 Åmbets-RAtter,

67 595 30 32 lä
122 605 51 26 at,
194 594 66 34 nåft
285 599 219 39 Stockholm,
532 605 96 41 ingen
656 605 77 33 Stad
757 608 9 29 i
786 607 106 33 Riket

67 640 131 40 finnes,
221 642 56 34 dar
304 643 81 35 flere
411 648 106 31 Stater
543 649 65 32 och
636 649 256 39 Jurisdiclioner

68 699 59 22 aro
153 688 38 33 ån
213 692 9 29 i
238 688 119 35 denne.
407 692 57 33 Til
492 694 178 35 ofwerflöd
685 696 45 34 bo
752 699 66 31 ock
836 699 56 34 hår

69 734 160 45 åtikillige
254 737 101 34 andre
386 738 321 48 Stånds-perfoner,
743 743 129 46 hvarige-

68 790 83 23 nom
177 783 130 33 wacker
332 785 118 33 rorelie
475 786 66 35 och
568 788 114 45 nåring
705 789 42 35 de
774 790 94 35 Hand-

70 824 101 36 lande
194 828 66 35 och
282 830 237 49 Boigcrikapet
544 833 36 34 til
587 833 112 46 flyter.

430 921 35 37 §.
498 930 31 32 9.

166 968 82 35 Meu
281 969 99 36 hwad
414 971 151 36 Stadlens
595 974 181 47 cgenteliga
808 977 89 34 wårf

72 1014 67 35 och
173 1015 174 48 hantering
383 1019 115 44 angår,
530 1019 28 33 få
588 1021 34 32 är
658 1019 236 50 Borgerfkapet

71 1061 128 35 fdrdelt
214 1065 18 38 i
232 1065 37 38 3.
285 1065 199 34 Societeter:
513 1064 56 35 det
582 1065 35 36 få
637 1069 131 33 kallade
784 1069 87 33 Sven-

67 1108 65 44 fka
158 1107 272 50 Borgerfkapet,
458 1115 56 31 det
533 1112 127 44 Finjka
677 1116 65 32 och
757 1115 113 34 Handt-

73 1154 172 34 wårkare.
297 1158 53 32 De
376 1157 99 34 forfte
502 1160 54 32 dro
581 1160 77 34 måft
674 1162 64 33 alle
753 1163 141 33 infodde

72 1201 140 39 Finnar,
246 1201 152 37 anfkiont
436 1204 39 34 til
514 1208 184 33 extracäiou
736 1212 158 43 antingen

74 1246 157 36 Svenfke
254 1249 79 34 eller
350 1251 141 39 Fiufke,
521 1253 80 33 eller
619 1256 66 32 ock
703 1256 161 45 Tyfkar,
882 1258 12 32 i

73 1295 184 44 fynnerhet
282 1297 198 44 Lybeckare
509 1299 65 34 och
609 1302 155 37 Skottar,
790 1301 70 35 fom
882 1305 12 31 i

74 1341 109 44 gamla
213 1340 103 41 tider,
350 1344 40 34 då
414 1345 67 33 wår
513 1345 117 36 handel
659 1358 68 23 war
753 1351 10 30 i
786 1349 90 33 utlän-

75 1390 178 43 ningarnas
278 1389 141 41 händer,
447 1390 84 36 hade
556 1391 56 37 hår
636 1392 47 36 fin
708 1395 187 45 Seglations

78 1434 64 32 och
155 1435 290 42 Handels-frihet;
463 1441 30 30 af
505 1439 126 35 hwilka
649 1452 40 25 en
704 1440 54 35 del
774 1440 58 35 fatt
848 1441 45 47 fig

77 1481 84 36 ned,
187 1482 64 34 och
270 1484 38 32 af
310 1484 124 34 komna
452 1484 131 37 lämnat.
636 1488 121 34 Denna
779 1488 93 34 Socie-

78 1533 47 26 tet
139 1526 72 45 åger
226 1530 125 35 utrikes
376 1531 162 38 handeln,
567 1533 58 34 har
649 1534 114 35 hårtils
779 1538 10 31 i
811 1535 57 45 fyn-

78 1571 117 36 nerhec
219 1577 96 35 welat
337 1578 182 36 förbehålla
547 1578 46 48 fig
618 1580 64 37 den
703 1582 127 37 förmån
855 1591 32 24 ac

786 1627 83 36 hand-
