965 1731
303 64 99 40 •afoifr
442 71 22 22 o
507 65 98 40 «go§»

836 73 40 30 25

60 137 124 37 handla
209 139 10 31 i
236 147 86 35 opna
335 135 123 40 bodar;
475 136 37 33 af
527 134 126 36 hwilka
672 140 56 35 40.
752 134 56 35 har
833 146 45 23 nu

61 186 114 33 kunna
200 185 133 35 råknas,
363 183 163 43 nemligen
545 184 31 32 6.
593 182 19 34 å
628 192 29 31 7.
681 182 197 34 klådes-och

62 230 231 39 fiden-bodar,
322 231 105 33 åfwen
456 227 33 36 få
513 229 111 46 många
641 230 238 46 kryddbodar}

63 278 42 34 de
120 280 106 42 ofrige
242 275 221 47 förnåmligaft
485 275 184 34 drifwande
688 277 88 38 Win,
795 278 80 37 Salt,

65 326 98 39 Jårn,
186 324 140 33 Tobaks
352 324 62 33 och
442 323 169 47 Spanmäls
635 322 138 42 handel;
801 324 59 33 ehu-

63 371 103 34 ruwål
193 384 40 20 en
268 371 91 33 hyvar
391 370 95 46 något
512 370 37 33 af
577 369 124 44 hwarje
727 369 136 35 handels-

65 428 87 23 wara
179 417 113 34 hårtils
318 418 37 33 til
392 416 212 46 foryttrande
630 417 69 45 ågt,
742 418 29 32 iå
795 418 89 33 wida

65 463 67 34 den
160 465 54 32 hår
243 462 77 35 flere
347 461 84 36 refor
458 461 181 46 foreflagne
664 462 65 34 och
743 463 121 48 påyrka-

66 510 43 33 de
142 511 139 32 handels
313 512 193 44 repartition
537 511 76 33 icke
635 511 86 32 ånnu
761 512 125 33 kunnat

66 556 137 33 komma
229 556 36 33 til
285 556 262 46 vvarkftållighet.
613 557 50 32 En
685 556 94 35 iådan
809 558 61 32 lkil-

67 603 67 32 nad
169 606 8 29 i
204 603 146 33 handeln
381 603 107 33 finner
517 606 54 40 jag
603 613 87 22 wara
723 605 99 31 redan
852 606 41 33 af

67 649 187 45 Tirotning
281 649 317 33 CHRISTINA
629 648 155 35 anbefalt.
847 653 42 32 Se

68 694 133 45 Kungl.
229 693 136 45 Maj:ts
390 694 119 46 nådige
536 694 106 33 Swar
665 696 108 42 öfwer
801 694 66 35 Bor-

66 741 203 46 gerfkapets
294 740 13 32 i
333 739 65 35 Abo
425 740 219 44 'Pojiulater,
663 740 128 48 gifwit
815 742 50 46 Ny-

71 788 122 45 köping
209 787 30 34 d.
259 788 56 33 %6.
333 785 103 36 Febr.
461 789 98 42 1640.
632 789 154 32 Hwaruti
810 791 60 33 Bor-

70 832 171 49 gerfkapet
256 833 189 45 foreftilles,
462 843 32 24 at
510 846 147 22 närmare
673 835 137 34 handels
823 837 51 33 for-

74 880 157 46 delning,
271 878 139 37 fårdeles
447 883 11 31 i
493 880 258 46 Stapelftåderne
772 909 8 12 ,
812 882 79 45 gör,

74 936 34 24 at
129 929 139 44 mycket
293 926 75 34 folk
385 928 62 31 kan
463 926 44 33 bo
522 929 9 30 i
549 926 142 39 Staden,
707 930 98 43 ingen
823 930 53 32 hin-

75 973 59 35 dra
166 974 65 34 den
255 973 119 33 andras
400 976 132 41 näring,
566 971 66 34 och
663 972 93 35 hwar
787 974 108 36 hafwa

77 1020 136 43 tilfålle,
247 1030 33 23 at
299 1020 104 32 båttra
422 1020 116 44 godiet
568 1019 64 33 och
661 1030 170 29 warorne,
864 1032 32 23 at

76 1065 122 34 låledes
232 1065 96 34 daraf
357 1064 105 34 båttre
500 1064 157 46 bärgning
690 1068 67 30 kan
793 1069 103 33 wåxa.

77 1113 78 33 Den
182 1112 100 33 andra
309 1113 199 34 Societeten,
520 1111 81 33 eller
615 1111 57 35 det
691 1112 116 35 Finfka
823 1114 56 34 Bor-

78 1157 190 48 gerfkapet,
297 1158 137 33 handlar
458 1158 109 33 åfwen
590 1158 40 46 på
660 1160 240 36 marknaderne

77 1205 67 33 och
163 1205 130 34 hemma
309 1207 11 29 i
333 1203 66 34 fina
425 1205 61 33 hus
508 1204 77 34 med
601 1204 97 47 något
712 1204 80 40 Salt,
804 1208 89 38 Jårn,

81 1251 67 34 och
171 1251 144 39 Tobak,
342 1247 79 37 famt
452 1252 95 44 något
573 1249 99 36 fåmre
696 1252 65 33 och
788 1255 112 42 grofre

78 1296 31 36 få
123 1298 126 34 kalladt
261 1297 205 34 bond-kram
489 1298 38 33 til
558 1309 166 23 warornes
756 1300 143 34 forwåx-

79 1344 73 47 Jing
170 1345 271 45 medAlmogen,
469 1344 89 35 dock
580 1344 224 46 förnåmligaft
823 1347 76 34 med

83 1392 171 46 Spanmål,
282 1391 146 47 Bolkap,
455 1391 183 34 Vidualier
662 1390 64 34 och
752 1392 127 34 Hökeri-

83 1448 110 24 waror
217 1440 82 33 famt
323 1438 181 40 tråwårke;
530 1437 77 35 idka
633 1438 124 34 inrikes
778 1437 110 47 feglati-

85 1496 68 27 on,
181 1484 65 34 och
271 1484 91 33 larfts
387 1485 258 45 tilwårkningar.
714 1486 50 32 En
791 1485 54 35 del
870 1488 33 34 få

88 1533 65 33 ock
181 1544 71 21 nära
285 1529 44 47 (ig
353 1532 77 35 med
458 1529 110 48 brygd
600 1530 64 35 och
695 1530 207 42 brännande,

88 1580 149 46 krogeri,
257 1578 78 36 med
358 1589 99 26 mera.
504 1579 54 32 De
579 1576 200 39 forftuåmdc
801 1579 102 34 hand-

495 1624 24 36 B
533 1632 21 30 S
806 1625 97 36 lande
