965 1731
324 62 99 37 tftgoiii
466 72 18 17 o
528 62 98 39 »?foU»

847 73 38 29 29

71 142 58 36 ger
142 133 182 46 wanligcn,
351 133 39 33 da
406 131 100 35 GUD
522 131 170 52 wålfispar
705 131 127 40 landet,
849 134 40 34 til

73 191 16 29 3
117 178 19 33 å
159 190 91 32 4000
273 189 121 24 tunnor
422 179 65 32 och
515 178 212 34 dårutöfwcr.
783 182 102 36 Kött,

72 224 97 39 flåik,
186 227 102 37 imor,
313 226 66 45 talg
394 224 66 35 och
481 225 101 34 andre
598 225 233 35 fetalie-vvaror
850 227 39 34 til

71 272 137 45 mycket
208 269 8 49 1
224 272 89 34 olika
324 272 182 33 tunne-och
516 271 165 47 pund-tal,
693 269 121 36 altfom
823 283 66 24 aret

71 320 31 32 år
112 318 48 34 til.
185 321 111 31 Lårfts
313 318 255 46 tilwårkningen
578 318 59 33 har
651 316 58 35 hår
723 318 167 46 forrftigit

70 365 36 34 til
131 366 220 46 utfkeppning
378 365 15 33 å
415 364 200 35 Stockholm
636 363 120 47 ärligen
782 366 108 34 ofwer

74 423 135 22 100000
224 412 109 37 alnar,
359 411 76 35 med
451 410 83 34 dråll
555 410 69 34 och
637 410 156 46 blaggarn
807 410 63 36 fam-

71 459 210 37 manråknat,
307 467 95 24 utom
422 456 153 36 Stadfens
598 467 82 36 egen
705 457 64 33 och
793 459 94 33 Skår-

70 504 198 46 Allmogéas
289 504 242 38 förnödenhet,
556 503 101 34 iåfom
672 504 31 33 år
721 508 105 38 1736,
847 505 40 40 38

69 550 66 33 och
152 562 53 32 39.
256 552 84 31 Men
360 553 8 30 i
390 548 85 35 defTe
498 550 109 35 fenare
628 550 93 40 åren,
755 553 54 32 för
831 551 45 34 lin-

70 598 150 33 wåxtens
255 596 223 34 mifstrefnads
506 597 90 37 ikul,
629 596 136 35 allenaft
780 597 38 34 til
845 603 45 29 60

76 642 19 35 a
114 653 116 30 70000
250 642 100 33 alnar.
399 642 102 33 Dock
517 646 10 28 i
544 642 89 33 detta
655 642 33 33 år
704 642 57 33 har
787 643 103 37 redan

70 689 38 33 til
140 688 200 34 Stockholm
362 688 76 33 med
462 687 159 34 wårrefan
640 686 125 36 blifwit
791 686 99 38 affort

72 735 114 42 70380
202 735 110 37 alnar,
340 734 124 34 hälften
479 734 75 33 lårft
572 734 66 33 och
659 735 126 34 hålften
800 735 70 45 blag-

70 793 99 34 garn,
203 791 94 23 utom
315 780 56 34 det
391 782 40 32 ån
455 781 76 34 med
551 782 143 35 lommar
702 802 11 6 -
722 781 67 35 och
804 782 67 36 hoft-

71 827 92 35 refan
187 829 55 33 ike
268 828 75 34 kan.

422 919 34 36 §.
485 928 50 21 12.

163 972 120 33 Denna
297 969 149 35 Stadfens
462 969 202 48 Borgerfkap
677 970 110 47 pHgar
799 971 74 36 biwi-

71 1017 47 35 lla
135 1031 42 29 X
178 1031 18 29 4
197 1016 258 34 Marknads-och
471 1015 236 47 Bytes-platfer
721 1018 78 34 med
821 1020 52 32 All-

71 1075 121 33 mogen
202 1089 8 11 ,
238 1064 37 32 af
288 1062 125 33 hwilka
429 1073 40 21 en
489 1061 53 33 del
557 1063 54 33 åro
626 1062 183 48 anfenlige,
833 1065 55 33 dår

73 1110 156 47 Oplands
255 1109 178 44 Allmogen
462 1108 66 33 och
561 1109 227 35 Skarmannen
814 1111 77 34 med

72 1155 66 35 fina
164 1167 105 22 waror
296 1156 110 32 kunna
421 1164 116 24 motas.
583 1155 122 34 Staden
721 1158 74 45 äger
819 1157 76 35 fielf

72 1213 117 24 trenne
211 1202 203 33 Marknader
430 1228 8 11 ,
472 1200 67 35 fom
561 1200 173 48 begynnas
757 1204 65 34 den
848 1216 39 33 19

72 1248 167 53 Jauuarii,
268 1249 65 33 den
348 1249 31 33 18
401 1249 89 39 Junii
511 1246 78 36 famt
603 1249 65 34 den
687 1249 17 34 8
722 1250 166 45 Septemb.

74 1298 105 32 Utom
197 1295 63 34 den
281 1294 153 47 nyligen,
457 1306 121 34 genom
593 1294 131 46 Kungl.
743 1296 124 43 Refolu-

72 1343 73 34 tion
168 1343 47 44 af
221 1342 61 34 den
304 1344 20 31 6
338 1342 91 45 Avg.
446 1343 104 41 1748.
571 1341 193 46 hitflyttade
785 1343 77 34 Num-

72 1393 64 30 mis
160 1388 203 35 marknaden
390 1388 39 47 på
451 1388 235 44 Fetetisdagen.
746 1390 54 32 De
821 1392 50 33 for-

73 1436 120 33 nåmfta
208 1447 108 23 waror
337 1435 64 34 och
416 1435 323 47 Landt-produdter,
767 1435 68 35 fom
849 1438 39 47 på

73 1480 86 35 deife
177 1481 195 34 marknader
397 1484 154 36 wankas,
579 1481 65 34 och
661 1481 70 34 defs
746 1484 141 36 emellan

74 1530 38 34 af
129 1529 195 45 Allmogen,
354 1530 68 33 ofta
441 1530 45 33 alt
504 1528 82 34 ifrån
603 1528 139 36 Carelen
756 1531 65 33 och
837 1534 34 32 Sa-

76 1575 129 39 wolax,
234 1575 159 41 hitföras,
411 1578 71 33 åro:
509 1574 159 49 fpanmål,
694 1575 70 49 råg,
779 1579 105 37 korn,

760 1624 122 40 hwete,
