965 1731
328 64 98 42 #>§*
467 77 20 20 o
529 66 98 41 Mgdsfk

73 76 37 33 32

70 136 421 47 tiltagandeofvverfloden.
515 139 120 33 Denne
650 150 68 24 war
733 140 62 35 wål
811 142 77 34 icke

70 185 65 35 hos
151 185 192 34 wåraFader
359 186 124 33 aldeles
499 186 154 34 obekant.
703 187 186 48 Huruhogt

70 235 66 31 den
157 231 86 46 ftigit
258 233 51 34 for
328 244 64 22 ioo
409 231 30 34 år
454 231 94 35 fedan
566 237 8 29 i
589 233 108 33 denna
711 234 64 33 wår
792 237 96 43 Stad,

70 277 50 37 fes
143 281 38 31 af
212 279 64 34 den
303 278 109 47 ftadga
440 280 65 33 och
528 280 232 45 infkrånkning
777 307 9 12 ,
817 281 70 34 fom

70 325 220 46 Borgmåfhre
322 327 64 33 och
419 325 72 34 Råd
523 330 95 31 warit
641 336 157 35 twungne
815 354 7 12 ,
854 337 34 26 at

70 375 199 43 dårutigora
291 373 85 43 1648
395 373 63 33 den
480 386 21 30 4
516 374 167 39 o&ober,
710 374 64 33 och
793 374 76 34 hwil-

70 421 69 32 ken
160 420 431 34 General-Gouverneuren
619 420 64 34 och
706 421 161 34 Riksdrot-

71 466 54 36 fen
142 468 88 31 Gref
238 467 119 33 Brahe
379 466 231 40 confirmerat,
636 466 69 35 fom
722 469 164 44 Gudelig,

71 513 101 45 ikålig
203 513 66 33 och
293 516 130 42 nyttig,
456 513 80 33 famt
565 514 49 45 lag
638 514 66 34 och
730 514 160 35 forfallen

69 560 67 45 god
162 560 148 32 iedwana
336 560 242 41 efterföljande.
624 562 53 31 De
703 559 93 44 klaga
819 560 52 33 där-

71 609 44 35 ti,
145 615 32 24 at
195 605 150 33 misbruk
360 604 75 34 med
451 604 65 34 ftor
532 606 64 32 och
619 606 125 45 onödig
760 606 110 34 bekoft-

71 651 86 39 nad,
184 651 68 33 wid
274 651 133 46 bröllop
432 651 65 33 och
522 651 78 34 flike
627 652 169 44 olgårder,
832 664 39 33 go-

71 711 54 22 tes
147 700 39 32 af
207 699 71 33 rika
303 696 64 36 och
391 699 200 44 oförmögna
609 706 77 25 utan
708 698 181 41 åtlkilnad;

72 745 168 33 hwarföre
267 744 40 34 de
329 745 113 33 ibland
471 753 99 25 annat
589 743 109 46 fladga
716 772 8 12 ,
762 755 47 34 at,
835 746 57 34 når

72 790 220 48 Borgmåftare
313 791 133 47 bröllop
462 791 55 33 vvil
538 801 97 35 göra,
666 792 62 33 han
746 791 53 33 får
820 791 52 34 biu-

74 839 42 33 da
136 850 41 31 50
195 850 57 33 par
275 838 83 34 både
379 839 73 32 mån
474 838 65 34 och
561 840 173 43 qwinnor,
762 838 107 34 undan-

73 894 136 35 tagnom
232 884 290 32 Åmbetsmånnom
539 899 10 24 ;
591 883 103 33 bruka
717 897 18 30 9
765 886 96 32 rätter
879 888 13 31 i

72 943 43 21 en
136 931 201 43 anrättning,
367 929 66 32 och
447 929 121 32 lkånka
583 927 97 34 hwad
697 929 79 45 flags
793 930 79 46 dryc-

74 978 78 37 ker,
172 976 68 33 fom
256 975 151 46 behagas.
456 977 50 31 En
523 975 149 33 Rådman
688 974 110 36 fkalle
815 977 61 33 blif-

75 1035 52 22 wa
148 1021 139 46 Jofligit,
315 1032 32 24 at
365 1021 98 34 biuda
484 1032 43 33 4?
553 1033 74 35 par,
658 1021 105 35 bruka
786 1035 18 31 9
829 1024 47 32 rät-

75 1080 50 23 ter
154 1070 65 33 och
246 1070 127 33 ikänka
401 1068 203 35 främmande
630 1067 80 46 flags
734 1069 159 46 drycker.

76 1119 52 30 En
148 1116 176 45 förnämlig
346 1117 139 43 Borgare
509 1115 78 33 eller
604 1115 228 34 Handelsman
848 1128 45 31 40

76 1175 79 36 gar,
188 1175 19 31 9
232 1163 115 37 rätter,
382 1161 63 34 och
468 1161 105 34 bruka
594 1160 53 38 öl,
682 1163 125 32 franlkt
827 1163 65 33 och

77 1208 129 47 fpanfkt
230 1211 76 31 win.
362 1210 50 32 En
440 1209 140 44 Borgare
602 1209 38 31 af
666 1210 127 43 ringare
824 1209 51 33 for-

79 1255 179 46 mogenhet
281 1256 65 34 och
368 1255 41 34 de
434 1253 177 35 fornåmfte
634 1254 38 33 af
695 1255 175 33 Handtwår-

77 1303 80 34 kare
180 1302 214 45 medgifwes,
420 1310 32 26 at
472 1301 99 35 biuda
591 1312 42 29 30
650 1313 75 34 par,
752 1314 19 29 7
788 1303 105 38 rätter,

79 1349 65 33 och
174 1348 127 34 fkåaka
340 1347 97 37 finikt
477 1347 35 34 61
550 1347 64 34 och
653 1348 124 33 franlkt
815 1351 78 31 win.

80 1397 150 33 Gemene
245 1394 151 36 Stadfens
418 1394 182 46 Inbyggare
616 1394 64 33 och
697 1397 196 43 oförmögne

80 1443 209 34 Ämbetsmän
313 1442 102 34 tilläts
440 1451 32 23 at
500 1442 98 33 biuda
623 1452 43 22 xo
685 1452 75 35 par,
796 1452 17 32 5*
831 1443 46 32 rät-

80 1498 68 30 ter,
184 1501 74 23 men
281 1492 75 43 inga
377 1489 101 34 andra
497 1488 144 47 drycker
666 1488 38 32 ån
725 1486 98 35 finikt
848 1487 45 36 61.

82 1535 165 40 Hwaraf,
280 1535 66 35 och
368 1536 55 35 det
452 1546 107 28 mera,
601 1535 139 34 bemålte
760 1535 115 33 forfatt-

81 1584 81 44 ning
182 1583 195 41 innehåller,
417 1581 152 47 fkonjes,
601 1582 86 36 huru
708 1582 81 46 högt
813 1585 60 30 mis-

815 1627 76 35 bru-
