965 1731
329 70 100 40 «§o§?t
472 80 18 18 o
533 71 102 40 «a§o§fe

70 80 40 31 34

68 151 79 36 pas,
165 139 55 34 det
236 143 115 30 innom
370 140 32 34 få
423 140 48 34 års
494 139 136 48 förlopp
648 138 55 35 har
727 139 79 36 fkall
823 152 44 24 wa-

67 198 36 22 ra
125 198 111 35 öppen
250 188 70 43 wåg
334 187 38 33 til
389 195 43 32 14
447 187 17 32 å
490 198 39 31 15-
556 187 68 33 fots
643 187 90 46 diup.
784 189 84 33 Imed-

67 233 100 34 lertid
191 234 126 46 op-och
347 234 157 33 nedföras
535 244 151 23 warorne
707 235 77 32 med
806 234 86 34 flora

67 279 158 35 laflbåtar.
262 281 120 32 Denna
397 279 144 35 ftadfens
560 279 98 35 hamn
675 281 101 44 ligger
790 278 29 36 få
835 283 38 31 wi-

68 326 43 34 da
138 337 64 33 nog
226 325 182 47 beqwårat,
437 336 33 23 at
494 326 66 34 den
579 329 33 31 år
637 326 107 38 fåker,
762 326 66 34 och
842 327 35 33 be-

67 372 94 45 lågen
190 372 80 34 idet
294 371 140 39 hornet,
471 373 55 34 dar
560 373 41 34 de
627 375 132 33 twåune
785 372 89 34 Öfter-

66 418 93 34 fiöns
183 419 125 38 wikar,
330 419 64 34 den
417 419 242 33 Norrbotnifka
674 419 66 34 och
763 420 127 38 Finika,

66 464 48 46 fig
138 465 93 43 börja
247 464 161 35 utflråcka
430 466 64 34 och
513 468 169 32 omfamna
698 466 89 33 detta
801 467 91 32 Stor-

66 511 273 39 Furftendomet,
375 513 66 32 den
469 513 90 33 förra
589 513 127 33 nordan
738 513 66 33 och
828 513 65 33 den

66 557 112 34 fenarc
203 557 84 33 ofter
305 559 40 32 åt.
392 560 102 43 Men,
512 568 95 23 utom
623 559 64 33 den
702 558 103 33 redan
820 570 47 22 om-

67 603 155 35 förmdka
247 602 233 45 fwårighcten,
509 606 32 30 är
568 605 55 32 hår
649 616 41 22 en
706 616 125 27 annan,
861 615 32 24 at

68 651 67 33 den
163 650 57 33 har
245 651 53 32 for
324 649 45 46 fig
393 651 14 32 å
442 650 61 33 alla
535 648 89 36 fidor
651 662 41 22 en
725 651 72 44 lång
828 651 66 33 och

67 695 80 36 fwår
169 695 181 46 fkdr-gård.
395 695 208 48 Skepsleden
620 696 29 34 åt
665 696 149 34 örefund
828 698 66 33 och

68 739 151 39 utllnfka
248 753 132 24 orterne
409 744 54 45 går
485 742 235 47 fyd-fydwåft
745 753 55 28 ut,
828 746 49 43 ige-

68 802 83 21 nom
179 792 130 30 Rimito
344 792 185 44 Krampen,
563 789 237 47 Corpoftrom,
830 791 42 33 Ut-

66 848 69 21 oen
155 862 7 11 ,
216 837 66 32 och
320 838 118 31 räknas
485 835 202 36 tilfammans
736 836 38 33 til
818 836 76 35 hafs

70 881 125 34 bandet
226 893 37 21 12
293 882 77 36 mil,
397 881 89 41 eljeft
526 883 66 31 ock
636 883 39 30 til
706 894 52 30 15.
785 880 94 36 fiorni-

68 927 61 34 lar.
195 927 161 34 Farleden
397 926 83 33 öfter
525 937 36 23 ut
581 953 7 12 ,
640 927 80 34 eller
767 928 39 32 til
853 931 41 33 de

70 975 71 33 wid
171 972 70 42 (inu
275 972 144 35 Finnico
449 972 136 47 belågne
617 972 104 36 llåder
740 1000 8 12 ,
782 974 51 46 går
865 976 29 33 åt

71 1021 219 46 Pargasport,
327 1020 225 45 Jungfrulund
588 1017 80 37 famt
700 1021 194 44 Hangoudd

69 1068 72 33 wid
165 1067 145 37 hafwet,
338 1068 97 33 åfven
459 1067 38 31 til
519 1066 138 36 iz.mil.
706 1067 59 33 Til
779 1069 94 32 Botni-

71 1112 54 35 fka
151 1114 111 34 vviken
289 1113 66 33 och
381 1113 42 33 de
454 1112 56 33 dår
542 1112 151 47 liggande
717 1113 103 35 flåder
843 1114 34 34 lo-

71 1171 59 34 per
154 1159 98 33 leden
277 1159 77 33 med
376 1159 63 33 imå
464 1159 112 45 fartyg
595 1159 35 34 til
651 1168 17 27 8
685 1159 18 33 a
721 1172 18 31 9
756 1161 52 32 fot
822 1161 72 33 fråu

71 1206 125 34 Staden
213 1205 88 36 förbi
318 1205 280 46 kopmansberget
619 1207 106 33 ofwer
741 1208 132 33 Kuckar-

72 1254 100 32 kifwi
199 1244 124 42 flarnen
357 1252 38 33 til
416 1252 125 34 Sundet
563 1252 139 34 emellan
723 1253 169 34 Nådendal

72 1300 66 34 och
156 1302 190 40 Luonoma,
372 1297 64 34 och
461 1297 29 34 fa
506 1299 123 33 widare
646 1299 89 45 långs
757 1301 76 32 med
850 1301 30 32 fa-

71 1346 48 33 fla
144 1346 114 33 landet
280 1356 122 35 genom
416 1344 202 34 Merimafko
640 1346 89 33 Sund
746 1346 38 33 til
799 1347 68 32 Lok-

71 1392 47 34 -6n
135 1405 40 21 i%
193 1392 68 34 mil.
285 1394 54 31 De
353 1390 109 34 ftorfta
480 1393 121 43 fartyg,
620 1391 40 33 til
680 1402 39 33 19
734 1403 17 21 a
767 1405 43 20 zo
826 1394 63 38 fot,

72 1439 99 34 måfte
187 1440 83 33 fram
287 1442 132 42 igenom
441 1439 114 34 Utoen
568 1438 87 34 förbi
679 1439 101 33 Åland
802 1439 37 34 til
854 1437 18 36 Å-

73 1484 170 39 landshaf,
274 1486 64 33 och
354 1485 27 32 15
399 1484 80 34 forfl;
495 1485 37 33 til
554 1484 56 34 det
628 1484 263 35 Norrbotnifka.

74 1531 158 35 Farleden
258 1533 37 33 til
313 1531 200 34 Stockholm
535 1531 75 33 med
638 1532 114 33 fmårre
780 1534 112 42 fartyg

75 1578 66 35 och
157 1575 113 37 fkutor
289 1578 52 46 går
364 1581 132 43 igenom
517 1579 129 33 Rimito
659 1599 11 5 -
680 1578 159 47 krampen
866 1590 22 21 7.

784 1624 105 35 dådan
