965 1731
335 65 99 39 *&fo|?«
478 73 19 20 o
539 65 99 40 «g§og»

86 81 25 27 36

71 137 65 33 den
151 135 28 34 få
199 135 142 34 kommit
357 136 166 33 ofwerens
537 161 8 12 ,
572 143 33 24 at
630 146 56 23 om
708 145 95 37 något
821 138 48 33 far-

70 193 61 33 tyg
164 185 11 30 i
202 182 89 33 detta
320 184 141 32 farwatn
491 181 80 34 eller
596 177 147 51 fkårgård
776 183 110 35 fkullc

69 228 220 47 forolyckas,
322 230 79 33 eller
425 227 102 35 fallna
551 229 38 46 på
613 229 126 45 grund,
760 240 78 24 utan
855 243 32 22 at

70 276 127 34 darwid
221 276 97 44 något
349 278 164 42 åfvventyr
539 276 37 32 af
596 275 99 34 ftorm
721 276 80 33 eller
826 276 46 34 fio-

69 324 82 44 gång
175 323 66 33 kan
268 323 144 36 befaras,
440 324 188 32 Societeteu
643 322 39 33 då
700 324 74 31 icke
798 321 89 37 anfer

70 381 42 22 en
137 368 60 35 flik
224 369 150 34 håndcHe
408 369 52 33 for
491 369 103 45 någon
633 366 99 37 fådan
764 368 107 35 ftrand-

70 419 99 41 ning,
197 413 70 36 fom
288 416 105 32 under
416 414 101 34 Hans
542 415 130 45 Ktmgl.
695 414 120 45 Majts
836 417 36 32 nå-

71 462 75 44 diga
168 462 241 45 Forordningar
437 474 56 22 om
514 463 153 44 dykeriet
693 458 67 38 fkal
785 462 87 46 begri-

70 520 77 35 pas,
183 519 77 23 utan
291 509 51 33 må
374 510 190 44 Skepparen
598 508 79 33 eller
707 508 184 35 Redderiet

70 554 127 34 fielfwe
230 555 77 33 med
340 558 64 41 egit
435 555 76 33 folk
543 556 90 43 lågga
666 555 131 33 handen
822 556 69 33 wid

70 600 207 46 lödningen,
305 601 64 33 och
385 601 156 45 ikeppets
565 600 231 46 löshieipandc
811 601 81 34 eller

70 646 180 38 räddande,
276 657 79 23 utan
380 657 32 23 at
429 646 39 33 til
481 647 340 44 Dykeri-Societeten
836 648 37 35 be-

71 693 65 35 tala
153 694 105 45 någon
284 694 104 45 afgift.

424 784 36 37 §.
489 782 52 33 16.

166 837 59 33 Til
247 837 209 34 Redderiens
484 836 166 47 betiåning
677 836 76 34 med
775 836 121 46 nödige

72 881 364 48 fikepps-reparationer
450 909 6 11 ,
485 883 68 32 fom
572 885 66 31 ock
652 883 38 33 til
712 883 103 33 ftorrc
828 883 66 33 och

71 929 131 35 mindre
227 930 129 43 fartygs
377 928 155 45 bygnad,
550 929 32 33 år
607 927 56 33 här
686 932 8 28 i
720 928 118 34 Staden
863 938 32 24 et

74 975 222 46 Skepshwarf
319 975 109 44 anlagt
446 999 8 12 ,
487 975 70 32 kart
582 976 52 31 for
662 972 93 36 fidfta
788 976 107 43 kriget

73 1022 78 34 med
178 1032 80 33 egen
279 1019 182 35 bckoftnad
477 1048 7 11 ,
511 1021 63 33 och
600 1021 135 33 drifvves
762 1022 37 32 af
820 1023 50 42 Dy-

73 1071 73 32 keri
158 1089 9 4 -
184 1065 250 37 CommifTarien
463 1067 64 33 och
561 1067 335 47 Skepsbygmåftaren

75 1116 48 33 H.
150 1116 147 32 Robert
324 1115 166 36 Fithie,
518 1114 359 34 fedanßederi-interei-

74 1164 150 30 ienterne
251 1160 67 33 låtit
335 1161 133 32 förfalla
488 1160 56 33 det
558 1160 101 33 andra
673 1159 203 47 fkepshwarf-

75 1217 85 28 wet,
187 1205 69 34 fom
281 1208 134 32 nåmdes
547 1208 35 33 iå
606 1206 87 35 wida
719 1206 179 35 dedårwid

75 1255 78 32 icke
180 1254 103 32 funno
320 1252 45 34 fin
398 1255 148 42 rakning.
620 1252 126 47 Årligen
770 1253 128 45 bygdes

75 1300 60 34 hSr
160 1298 193 35 åtminftoue
374 1310 33 23 et
432 1302 120 43 Fartyg
577 1300 38 46 på
641 1299 130 38 cravel,
804 1309 94 24 utom

77 1344 63 36 fina
174 1348 114 38 Jakt-er
317 1346 64 33 och
407 1347 124 45 Slupar.
580 1346 133 34 Ek-och
738 1347 143 32 klinkert-

79 1394 110 44 fartyg
220 1392 126 47 bygges
382 1393 54 33 hår
471 1394 84 32 icke.
625 1392 144 34 Bemålte
797 1393 76 32 Com-

79 1429 139 44 lniffarie
246 1442 56 31 har
329 1439 125 35 hårwid
485 1438 125 35 århållit
637 1436 144 49 Höglofl.
808 1438 69 35 Com-

79 1496 108 22 merce
201 1485 164 48 -Collegii
389 1483 235 47 'Privilegium
769 1497 51 29 13.
843 1487 38 39 Ju-

82 1531 34 33 lii
142 1544 96 31 1747.
265 1543 33 24 At
324 1532 84 34 hålla
434 1533 64 34 och
523 1533 128 45 Ikydda
676 1530 28 36 fä
720 1532 112 46 många
848 1544 32 21 ar-

80 1578 111 35 betare
211 1579 69 35 fom
305 1580 95 35 durtil
426 1581 112 32 kunna
553 1579 182 38 årfordras,
752 1580 37 33 af
799 1579 96 34 hvvil-

853 1626 42 33 ka
