965 1731
72 138 44 33 ka
138 140 97 44 ingen
258 140 67 38 far,
352 148 78 24 utan
451 137 138 47 behörig
613 137 88 47 plikt
718 165 7 12 ,
753 138 119 36 bartläc-

71 185 60 33 kas
158 185 79 34 eller
260 185 166 47 affpånnig
447 185 127 44 giöras,
603 186 75 32 icke
701 185 102 34 heller
819 188 70 34 frän

71 231 145 40 arbetet,
243 242 78 24 utan
348 230 45 34 fin
422 232 178 46 principals
620 234 188 43 lamtycke,
832 245 37 23 an-

70 277 166 35 norftådes
252 279 207 44 figbegifwa.
483 278 139 34 Hårwid
639 278 118 34 brukas
774 291 44 21 nu
835 281 54 40 38.

70 335 76 22 inan
161 323 148 47 ftåndigt.
336 324 76 34 Han
429 325 57 33 har
501 327 64 31 ock
582 324 59 34 fått
662 324 129 35 tilftånd
805 352 6 11 ,
840 337 43 28 at,

70 371 54 32 for
139 371 64 34 den
218 372 79 34 brift
313 372 54 33 hår
386 373 38 44 pä
449 381 95 24 orten
570 373 31 31 år
628 373 38 31 af
686 370 203 47 årfordeligit

71 417 158 45 tägwårk,
254 420 113 32 inråtta
383 418 64 34 och
474 421 110 42 nyttia
609 429 39 22 en
675 418 121 33 eulkilt
816 430 54 35 rcp-

69 461 134 47 flagare-
217 466 73 33 ban.
339 466 102 33 Detta
466 463 113 35 hvvarf
600 463 96 35 mäfte
720 462 100 36 fkatTa
844 465 45 46 fig

69 511 113 33 vvärke
198 537 8 11 ,
241 511 56 33 det
325 511 128 34 mindre
480 523 14 28 3
529 523 18 20 a
574 522 22 32 4
622 511 77 38 mil,
734 511 64 33 och
831 511 57 34 dcc

69 557 113 42 gröfre
198 556 16 35 8
240 557 18 33 å
277 571 19 31 9
327 557 58 34 mil
408 569 88 35 oppe
524 557 82 32 ifrån
635 557 112 33 landet
764 582 8 12 ,
812 568 77 23 men

69 600 142 38 iioledes
230 615 41 22 10
286 604 59 33 mil
361 604 64 33 och
441 604 110 43 längre
568 603 94 33 ifrän.

422 692 34 36 §.
483 699 55 30 17.

160 741 309 34 Handtwårkarena
492 745 92 42 giora
611 742 63 34 den
692 742 105 35 tredie
821 745 65 34 och

65 787 232 34 manftarkalle
329 788 186 33 Societeten
546 792 9 29 i
599 789 107 33 denna
755 791 132 34 Staden.

66 834 85 34 Med
176 833 265 46 handflogderne
463 833 95 35 måfle
585 835 55 33 hår
667 838 10 30 i
704 836 122 35 Staden
840 837 37 33 til-

67 881 117 33 forene
209 881 107 32 hafwa
350 882 96 31 warit
473 879 69 33 flått
573 881 133 36 beilålt,
740 880 28 34 få
800 885 89 32 wida

67 925 249 46 Glorvvordigft
347 929 9 29 i
388 923 193 35 Aminnelfe
619 925 147 47 Konung
798 930 60 31 GU-

68 972 146 34 STAV
243 973 230 32 ADOLPH
499 972 70 32 från
596 970 211 47 Helfingfors
823 975 66 34 den

68 1017 30 34 8.
115 1018 75 33 Feb.
206 1019 99 31 1616.
331 1017 138 33 befaller
495 1018 66 32 wid
588 1017 124 34 anfwar
735 1020 132 46 Borgmå-

67 1063 83 33 ftare
174 1064 64 32 och
264 1063 92 37 Råd,
385 1073 32 23 at
432 1060 142 36 anfkaffa
590 1064 206 48 nödtorftige
816 1067 48 34 Åm-

66 1108 168 40 betsmån,
264 1119 32 23 at
320 1108 53 38 de,
401 1109 71 33 lom
497 1112 8 29 i
524 1111 119 33 Staden
665 1111 79 34 eller
766 1112 101 46 pålan-

67 1156 56 33 det
146 1156 60 36 bo,
236 1156 111 33 kunde
373 1156 47 36 få,
458 1157 55 31 når
539 1157 27 33 iå
596 1158 207 45 omtrånger,
832 1160 56 33 det

68 1202 43 32 de
135 1201 146 48 behqfva
303 1216 8 26 ;
339 1200 69 34 fom
423 1201 251 47 beiynnerligen
690 1204 196 40 Skräddare,

67 1249 218 37 Skomakare,
314 1247 166 34 Klen-och
504 1250 258 38 Grof-Smeder,
794 1253 74 32 Snic-

67 1295 90 38 kare,
183 1295 208 36 Swarfware,
408 1293 220 41 Gullfmeder,
645 1298 129 42 Bagare,
794 1297 72 34 Slak-

68 1350 66 27 tare
160 1342 64 33 och
248 1341 101 33 andra
374 1336 113 39 fådane
512 1343 42 33 de
566 1341 242 47 aldranodigfte
823 1344 66 35 och

68 1386 291 47 oumgångeligafte
385 1389 250 44 giårningsmån.
695 1389 121 33 Denna

67 1433 141 46 fällning
224 1435 84 32 hade
323 1433 57 33 det
397 1435 202 44 eftertryck,
629 1444 32 23 at
684 1444 33 23 et
744 1436 64 34 och
831 1449 37 22 an-

70 1488 56 25 nat
151 1480 125 34 ämbete
303 1479 100 34 redan
426 1483 99 40 16x5-.
542 1481 113 34 kunde
675 1480 33 34 få
723 1480 65 37 fina
803 1483 68 34 Ikrå-

70 1526 187 45 ordningar.
306 1525 83 35 Men
417 1529 82 31 efter
525 1527 41 33 de
591 1526 91 34 flefte
706 1527 163 37 handtwår-

70 1571 65 36 ken
152 1572 79 35 åndå
247 1576 27 41 ej
298 1571 84 35 hade
401 1570 107 38 fådant
523 1572 191 48 fortgående
734 1576 67 33 iom
827 1574 60 35 wll

470 1620 30 34 C
518 1628 15 32 3
800 1620 89 36 hade

853 79 37 32 37

338 72 93 35 %V|o|s«
474 75 19 20 o
534 72 98 35 *B§o§J*
