965 1731
329 74 99 38 *fo|>
469 82 19 19 o
531 73 96 38 «fo^

74 77 38 32 38

68 141 86 35 hade
174 140 117 40 bordt,
311 140 149 36 ftadfafte
482 142 37 44 på
537 141 118 46 Kungl.
675 141 118 44 Maj:ts
809 144 61 45 wåg-

69 201 60 21 nar
146 189 62 33 och
233 189 36 32 til
296 190 70 32 dcis
393 189 122 33 widare
535 188 114 46 nådiga
670 188 103 44 behag
792 191 96 41 1640.

69 235 66 33 den
161 248 30 20 z.
205 236 85 42 Maji
315 235 422 33 Gcneral-Gouvernearen
755 237 136 32 Grefwe

69 281 123 34 Brahe
218 291 31 24 et
266 282 129 44 general
415 282 112 38 Gille,
542 280 68 34 fom
627 279 213 46 Magiflraten
853 282 38 33 til

68 328 166 33 •Politiens
254 328 102 33 båttre
381 327 118 46 ftyrko
526 328 65 33 och
606 328 212 33 fortlättande
832 339 40 35 op-

69 376 96 31 tånkt
196 373 64 34 och
294 376 159 44 opråttat,
488 374 103 34 hwari
617 374 62 34 alle
705 373 166 34 handtwår-

70 421 98 38 kare,
196 420 81 34 både
308 423 59 36 de,
400 419 69 36 fom
501 422 101 33 redan
634 420 114 34 kunde
782 420 110 34 hafwa

70 466 69 34 fine
163 467 138 33 iårdeles
328 467 102 45 gillen
446 468 65 33 och
539 465 110 40 fkrån,
676 469 68 31 iom
765 468 66 31 ock
851 466 41 34 de

71 513 39 32 til
138 514 141 32 ämbetet
305 514 139 43 fwagare
459 540 7 12 ,
493 514 104 33 ikullc
624 525 86 22 wara
735 512 139 34 inneflut-

71 571 59 30 nc,
156 560 90 33 dock
271 559 96 34 hvart
395 559 65 34 och
486 569 32 24 et
539 559 127 34 ämbete
685 558 46 35 fin
754 558 120 46 enfkyl-

70 614 35 23 te
130 604 124 34 åmbets
279 604 154 45 rättighet
454 607 199 31 oforkränkt
687 604 65 34 och
782 605 93 34 förbe-

70 650 110 34 hållen
193 666 8 24 ;
230 652 64 32 och
320 650 55 34 dår
401 650 62 35 alla
488 651 126 34 åmbets
639 652 109 33 iakers
765 662 111 23 conrro-

72 696 119 35 verfier
207 698 64 33 och
295 696 123 34 twifler
445 697 170 34 decideras
640 698 66 33 och
726 696 167 49 afhielpas

70 741 116 36 fkulle.
236 743 59 33 Til
312 744 70 32 defs
400 744 101 33 heder
524 745 65 32 och
610 744 105 33 båttre
734 744 161 34 anieende

72 790 133 34 tillades
231 790 89 33 detta
345 789 91 35 Gille
467 792 77 32 icke
575 790 134 34 allenaft
742 787 154 48 åtfkillige

73 838 224 30 immuniteter
319 836 64 32 och
407 836 208 44 privilegier,
644 836 114 33 ibland
782 846 110 28 annat,

72 891 34 22 at
130 881 283 45 appellationerne
450 880 142 33 därifrån
627 881 104 33 fkulle
763 881 55 34 fke
856 883 39 34 til

72 926 126 34 fielfwa
214 925 206 46 Radftugan,
445 936 79 23 utan
549 927 56 32 det
638 926 255 37 auetoriferades

74 974 65 33 ock
164 973 76 33 med
266 971 38 35 fit
329 982 72 35 eget
426 969 89 37 wifTa
541 974 113 33 Secret
679 974 65 33 och
762 972 129 47 infegel,

71 1020 106 35 hwari
203 1016 105 36 fkulle
334 1021 87 30 foras
448 1019 64 33 och
538 1018 123 35 brukas
683 1021 132 32 twånne
837 1033 37 20 na-

70 1068 82 33 kota
170 1060 291 39 menuifkioarmar
485 1065 66 34 och
582 1065 143 40 händer,
748 1067 146 34 korswis

73 1113 107 33 ofwer
207 1112 210 37 hwarandra,
446 1112 65 33 och
546 1112 75 33 med
654 1112 88 34 band
774 1112 102 34 tilfam-

74 1169 94 23 lsans
196 1157 149 38 bundna,
372 1157 145 34 ftåendes
544 1161 47 30 uti
619 1169 40 22 en
683 1158 52 33 blå
765 1160 127 44 grund,

74 1204 196 34 hafwandes
297 1207 9 30 i
339 1204 171 34 hwardera
549 1204 133 34 handen
716 1217 41 21 en
787 1205 84 34 blom-

74 1250 131 35 firande
229 1250 184 45 oljoqwift,
448 1249 124 36 fielfvve
605 1250 181 34 blomftfen
818 1263 56 34 gro-

74 1309 62 27 ne,
163 1297 66 34 och
254 1296 175 35 ftielkarne
453 1298 160 44 forgylte.
663 1299 168 43 Omkring
844 1311 32 21 ar-

73 1355 115 23 lnarne
212 1344 79 33 eller
317 1342 113 36 fielfva
461 1344 170 44 grunden,
665 1346 48 30 uti
744 1344 150 35 hwilken

74 1392 155 33 Secreten
254 1390 168 46 begripes,
453 1390 105 35 Ikulle
582 1391 38 44 gå
645 1401 39 21 en
701 1389 192 38 cirkelrund

73 1440 73 42 ring
166 1438 79 33 eller
261 1446 128 28 crants,
417 1437 140 34 hwaruti
574 1436 137 46 Inleglet
729 1437 74 34 med
821 1438 53 33 def-

71 1481 31 35 fe
127 1483 155 46 bifogade
298 1482 146 46 forgylte
467 1482 201 35 bokftafwer
687 1482 124 44 /kulle
833 1482 54 35 ftå:

74 1524 221 41 Ämbetemes
316 1530 108 44 gilles
458 1528 141 47 Signete
623 1528 11 35 i
664 1528 77 38 Abo,
806 1532 63 32 Hår-

75 1576 77 36 med
179 1574 89 48 fingo
295 1576 61 34 alle
372 1576 118 38 Åder,
517 1578 139 37 Domar,
672 1576 218 40 Fullmakter,

800 1624 89 32 Con-
