965 1731
329 46 157 34 ■Ugo|j»,o
529 46 95 34 tgottj

76 52 24 28 42

71 114 92 34 fmalt
175 111 116 49 pråflat
305 112 122 39 tobak,
463 112 63 35 och
545 120 84 37 1897
646 114 107 34 tiockt
774 112 114 49 pråfTat

71 162 81 31 dito.
206 163 84 30 Men
321 160 127 34 Cardus
465 187 7 11 ,
511 159 152 40 Knafter,
692 161 197 35 Prick-och

69 209 231 44 Rappe-fnus,
322 209 54 31 åro
400 208 55 32 hår
481 209 85 32 ånnu
589 209 75 31 icke
686 207 204 36 tilwårkade.

69 254 137 33 Wärket
236 256 31 31 år
300 254 143 33 hitintils
471 253 110 34 nåftan
609 253 70 34 helt
707 254 64 33 och
797 254 94 33 hållit

72 299 127 34 drifwit
213 299 76 35 med
303 298 146 35 utlånfka
469 300 96 36 blad,
592 300 28 33 få
635 300 85 34 wida
735 300 39 33 til
791 300 79 46 duge-

68 345 49 47 lig
134 348 125 33 inrikes
276 348 84 32 ånnu
376 348 75 32 icke
471 345 168 47 fynnerlig
652 347 119 45 tilgäng
786 350 105 31 warit.

69 394 16 31 I
110 392 159 34 anfeeude
291 393 131 34 hwartil
442 393 90 34 detta
551 394 91 35 wårfc
657 392 113 35 hårtiis
793 397 99 30 niutit

69 440 200 44 forfkoning
283 441 53 33 for
356 439 55 34 det
427 439 89 44 eljeft
531 440 68 34 wid
616 439 219 43 hwarjebord
852 440 39 34 til

67 484 234 46 förfpinnande
316 486 111 44 ålagde
443 483 87 36 wifle
546 497 160 34 quantum
714 487 37 32 af
763 487 128 33 inrikes

68 530 127 35 blader.
220 532 141 35 Tobaks
376 534 188 43 plantering
581 533 57 33 har
654 545 75 23 man
744 533 63 33 wål
822 533 52 32 hår-

68 578 72 33 wid
163 579 121 33 Staden
300 577 149 38 forfokt,
473 578 64 34 och
561 579 11 32 i
587 576 179 47 fynnerhet
787 579 42 33 de
842 588 51 25 tre

68 622 247 35 fiftframflutne
330 635 73 22 aren
416 624 76 33 med
507 637 19 20 z
543 633 140 25 tunnors
695 624 79 33 land
789 624 104 34 dåruti

68 670 210 45 profgtordt;
290 681 76 23 men
377 668 112 35 ibland
498 669 57 34 har
566 671 137 38 kölden,
713 670 111 34 ibland
833 671 46 33 tår-

68 717 68 34 kan
157 717 66 33 den
250 716 120 34 famma
390 717 125 33 fkadat.
555 717 38 33 Så
617 727 33 23 at
672 717 73 34 hela
767 717 41 34 de
830 718 65 33 twå

68 764 92 32 förra
180 762 92 34 årens
289 762 190 46 afkaftning
493 762 123 34 blifwit
631 762 127 34 förfåld
771 763 38 32 til
824 774 71 24 zoo

69 809 93 33 daler
178 835 7 11 ,
213 821 77 21 men
316 810 56 32 det
392 808 70 34 fifta
487 810 82 33 årets
591 811 85 32 wåxt
700 811 38 32 ån
761 810 74 33 icke
855 811 40 33 til

68 862 99 36 något
182 855 127 33 kunnat
323 855 187 33 anwåndas.
543 857 83 31 Men
645 855 170 34 hwardera
830 856 65 34 året

68 900 60 32 har
140 900 122 32 Staden
272 899 125 33 dårwid
407 900 74 31 lidit
496 900 106 32 ofwer
614 910 90 22 1000
714 900 108 33 dalers
832 903 48 33 för-

68 944 73 35 luft.
156 945 104 33 Dock
275 944 82 33 lårer
372 944 134 34 dårmed
521 946 85 31 ånnu
620 949 222 37 continueras,
863 958 32 24 at

68 991 127 34 widare
209 990 151 38 forfoka,
388 990 173 34 huruwida
576 990 119 37 famma
708 993 187 47 plantering

69 1038 58 34 hår
140 1036 155 47 någonfm
312 1038 70 33 kan
398 1040 112 31 wiuna
526 1038 173 45 framgång.

426 1129 34 35 §.
488 1137 55 22 21.

164 1184 51 31 En
230 1181 335 46 Regamstroje-och
586 1181 307 47 Strump-Fabriquc

71 1229 59 33 har
153 1229 300 34 Handelsmannen
479 1229 87 31 Herr
588 1227 135 34 Niclas
747 1231 146 32 Pipping

71 1275 71 33 wid
170 1286 88 31 1744
290 1275 48 33 års
363 1273 117 43 början
507 1273 107 46 anlagt
651 1274 64 33 och
742 1276 149 38 inrättat,

70 1319 112 36 hwarå
206 1318 144 48 Hoglofl.
374 1319 129 46 Kungl.
528 1319 365 47 Commerce-Collegii

339 1365 61 33 den
429 1379 14 28 3
476 1365 118 34 Oöiob.
620 1369 88 40 1746
738 1367 155 35 århållits.

70 1413 104 34 Detta
191 1414 91 34 vvårk
302 1412 102 34 beftår
427 1413 38 33 af
484 1424 20 32 9
526 1411 97 35 ftolar
644 1440 7 11 ,
683 1412 165 34 luvarwid
870 1427 21 19 z

73 1459 139 34 Måftare
228 1459 76 34 med
323 1472 15 29 3
355 1459 151 33 Geiåller
522 1457 66 35 och
603 1472 21 30 4
635 1459 162 45 lärlingar,
813 1458 80 36 famt

77 1517 13 29 3
105 1505 230 35 Ullkammare
350 1505 121 39 arbeta,
485 1506 104 42 jåmte
603 1506 289 45 z9Regarns-och

74 1550 483 49 5-Nåckgarns-fpinnerifkor,
579 1552 263 45 9Nickerfkor,
872 1564 15 28 3

808 1601 82 31 Spo-
