965 1731
294 62 95 44 Kfogll
433 74 18 19 o
496 62 97 43 flgogi

843 75 38 28 49

71 133 66 36 lera
161 133 141 35 blandad
323 161 6 11 ,
357 133 236 35 undcrkaftade
619 132 99 35 fkada
743 136 38 31 af
801 137 61 32 win-

68 191 51 23 ter
143 180 62 33 och
232 180 160 34 nattfroft.
448 180 75 33 Och
555 180 165 33 churuwål
753 182 133 43 ågarena

68 231 86 43 giort
175 225 43 48 flg
244 239 65 33 nog
338 227 171 45 angelägne
535 240 56 21 om
617 227 94 33 deras
738 228 124 33 cultivc-

69 274 102 33 rande
187 301 8 11 ,
223 274 109 33 hafwa
358 274 41 33 de
423 275 89 32 dock
544 276 77 31 icke
646 274 127 33 kunnat
798 274 71 33 brin-

70 332 55 35 gas
151 321 37 33 til
212 318 167 47 fynnerlig
405 319 201 47 afkaftning.
662 318 103 36 Defse
792 318 93 37 befäs

69 366 80 35 måft
172 367 74 34 med
272 367 53 45 råg
347 367 65 33 och
437 367 72 33 dels
533 367 77 33 med
635 367 98 34 korn.
780 368 105 32 Utom

70 414 57 33 det
152 413 195 47 nyfsnåmdc
372 412 110 35 forfok
508 417 10 28 i
544 413 94 45 nägra
662 412 31 33 är
719 413 77 34 med
814 415 48 32 To-

69 461 82 33 baks
179 460 234 46 planterande,
443 461 30 32 år
494 460 121 43 jorden
641 459 37 32 til
705 459 160 46 humlegår-

72 507 58 32 dar
163 507 63 32 och
259 506 100 33 andre
390 506 180 46 plantagier
602 507 85 32 ånnu
712 507 73 33 icke
811 508 57 42 lyn-

72 554 148 44 nerligen
246 552 160 40 atvwåod,
435 551 167 34 ehuruwal
627 552 133 33 äkrarne
780 556 9 29 i
811 553 57 33 bör-

68 603 58 40 jan
159 600 122 33 blifvvit
314 599 80 44 högt
418 598 197 44 ikattlagde,
663 599 96 33 nåml.
784 599 38 33 til
847 610 42 22 en

74 656 102 22 tunna
201 644 183 47 ipanncmål
410 645 37 32 af
469 644 104 33 hwart
595 644 202 38 tunneland,
820 644 67 43 jufb

74 692 39 33 til
140 692 64 33 den
231 691 124 37 andan,
386 700 31 24 at
442 688 232 48 Borgerfkapet
699 690 190 45 därigenom

74 738 100 33 måtte
201 737 162 45 obligeras
383 764 6 11 ,
423 747 32 22 at
491 737 147 45 plantera
664 736 73 35 dårå
762 737 105 34 humle-

74 785 124 45 gårdar.
249 786 118 30 Innom
394 783 120 33 Staden
540 783 84 45 ligga
655 784 68 33 wid
748 785 70 44 pais
843 794 44 22 10.

76 831 161 44 trägårdar
267 831 77 32 med
373 829 236 34 fruktbärande
640 830 70 32 trän
742 829 65 34 och
833 830 38 33 bu-

76 876 72 34 ikar
164 903 8 11 ,
218 886 93 23 utom
339 876 355 45 kryddgårds-täppor
709 900 10 12 ,
765 875 127 34 hwilka

79 924 107 33 hwart
207 921 146 39 hushåll,
378 922 68 32 ibm
472 921 94 32 därtil
581 922 64 31 kan
660 920 110 34 hafwa
790 921 86 34 tilfål-

77 969 52 39 le,
157 970 52 33 för
229 980 103 32 gröna
355 967 107 34 fakers
487 966 69 34 fkul
583 967 117 44 anlggt.

171 1015 168 33 Mulbetet
369 1015 32 32 år
426 1014 108 33 mäkta
559 1013 117 45 fvvagt,
720 1013 172 35 beftåendc

79 1062 72 34 dels
166 1063 37 32 af
221 1062 168 43 fandaktig
407 1060 75 32 med
498 1060 90 45 liung
600 1058 161 35 bcwuxen
776 1061 115 38 mark,

79 1109 73 34 dels
179 1108 37 34 af
234 1118 88 23 torra
347 1106 220 38 iandbackar,
593 1105 178 48 hwaruppå
798 1107 74 34 Stad-

79 1155 72 33 fens
176 1157 136 43 ymniga
338 1154 123 45 bolkap
475 1180 8 10 ,
511 1157 9 28 i
546 1153 75 37 det,
648 1162 93 24 utom
767 1152 124 39 häftar,

80 1201 107 35 hwart
212 1202 209 43 förmögnare
448 1199 127 33 hushåll
601 1201 73 43 åger
701 1199 90 35 iåi
815 1201 76 36 kor,

81 1249 65 32 och
159 1249 42 33 de
224 1247 149 45 fattigare
400 1245 26 34 lå
450 1246 111 45 många
576 1254 103 36 getter
693 1272 7 12 ,
730 1245 57 34 har
803 1257 68 33 myc-

80 1296 60 32 ket
171 1305 108 34 mager
303 1293 230 34 lommarfoda.
581 1294 84 32 Men
693 1291 111 34 fodret
830 1292 42 33 må-

81 1340 47 35 fle
155 1341 103 47 köpas
273 1367 7 11 ,
313 1339 35 33 lå
369 1339 86 33 wida
477 1342 74 40 inga
571 1340 94 44 ångar
685 1337 109 35 finnas
820 1339 54 33 Sta-

81 1388 65 34 den
173 1390 10 31 i
206 1387 177 34 allmänhet
411 1386 165 45 tilhorige.
632 1387 101 42 Ingen
757 1384 80 46 ikog
861 1386 31 32 år

81 1433 59 36 hår
171 1433 37 34 til
242 1432 225 39 wed-brand,
502 1431 128 34 mindre
662 1431 38 33 til
731 1430 135 47 bygnad
884 1458 8 13 ,

82 1492 78 23 utan
178 1477 94 37 måfte
296 1479 115 34 fådant
428 1481 35 30 af
472 1477 270 45 Landtmannen,
766 1479 40 46 på
821 1491 40 25 z,
877 1488 16 33 3

84 1530 19 34 å
128 1537 23 33 4
174 1527 77 36 mils
276 1527 91 44 wåg,
397 1525 64 34 och
486 1536 46 22 nu
555 1523 83 36 fnart
662 1523 109 48 låugre
796 1525 97 42 ifrån,

89 1575 75 36 med
196 1584 66 35 nog
294 1573 85 45 dryg
410 1569 183 37 bekoftnad
623 1568 92 39 lofas.
764 1571 129 35 Fifkeri

460 1620 31 31 D
822 1617 71 43 åger
