965 1731
345 63 97 39 *§o§J»
486 73 20 21 o
548 62 97 39 *S?c#

82 87 26 17 50

66 135 76 40 tiger
168 131 121 35 Staden
321 136 28 40 ej
377 132 143 38 widare,
556 134 37 32 ån
619 135 10 30 i
656 130 46 36 fin
727 147 32 24 a,
794 133 68 35 hwa-

66 179 65 33 reft
155 179 160 33 wårtiden
340 182 113 44 fångas
479 190 79 22 nors
575 206 7 11 ,
626 179 64 33 och
722 180 62 33 fmå
808 179 65 34 fiåll-

69 226 60 34 fiik
152 228 9 30 i
186 215 231 45 SlotsfiärdenT
432 236 77 24 utan
534 228 52 32 for
609 226 129 34 Slottet.
786 226 100 43 Eljeft

67 273 99 44 lyder
192 272 36 34 til
247 273 107 33 denna
371 273 77 33 Stad
463 295 22 4 ~
506 273 56 33 mil
586 272 186 34 ofwanföre
793 284 74 22 norr-

68 319 30 33 åt
117 323 7 29 i
144 320 170 33 Aura-Elf
330 320 201 35 Hallisfors,
558 320 55 33 dår
630 331 44 21 nu
695 320 54 32 åro
766 333 19 19 i
803 320 64 33 Wdl-

67 375 215 36 ter-qwarnar
299 367 74 33 raed
393 378 16 29 f
427 379 57 35 par
499 366 122 38 ftenar,
642 367 101 42 järnte
759 364 105 36 Såmfk-

69 411 267 49 makare-ftamp
359 413 78 34 eller
453 412 118 39 Walk,
599 414 64 32 och
687 424 39 21 en
750 412 137 46 nyligen

68 460 117 44 anlagd
199 460 303 45 Kelgryns-qwarn
518 460 64 33 och
598 460 104 34 Sickt.
736 456 98 37 Deffe
851 459 36 46 gå

70 505 133 33 allenaft
232 505 72 33 höft
332 508 64 31 och
420 506 65 34 wår
508 506 76 33 med
608 506 63 46 lagt
692 506 71 32 fall.
809 508 77 30 Den

68 551 98 33 inåfta
195 552 129 33 målden
351 550 72 36 fker
448 554 38 31 af
508 554 125 31 inemot
657 551 169 34 hvuidradc
848 552 40 46 på

69 597 119 43 bergen
209 599 153 44 omkring
382 598 120 34 Staden
523 597 124 47 cpfatte
662 598 203 45 Wåderqwar-

69 655 69 22 nar.
187 643 209 45 Magiftraten
424 647 53 30 åro
505 647 65 31 ock
594 655 121 34 genom
737 641 151 36 fårlkilte

68 689 131 47 Kungl.
216 690 243 44 Refölutioner
478 690 202 46 underlagde
696 691 62 32 och
776 691 36 32 til
829 691 58 32 lon

70 738 143 32 forlånte
233 748 38 28 13
291 739 55 31 når
368 738 36 32 til
432 737 120 33 Staden
579 740 7 30 i
609 738 37 32 St
677 738 118 32 Marias
822 737 65 33 och

70 782 118 35 Carins
199 784 128 32 Soknar
342 783 437 46 belågneßonde-hemman.
805 781 83 35 Defs

69 839 94 22 utom
187 829 202 34 innehafwer
411 830 214 44 Magiftraten
649 829 126 34 Lauftis
801 831 63 32 Dra-

69 875 152 44 gonehall
237 901 7 10 ,
272 877 10 28 i
305 875 178 44 fynnerhet
498 877 54 31 for
575 875 93 33 betes
685 896 11 4 -
713 875 64 33 och
803 876 63 32 mul-

70 920 91 33 betes
187 923 239 42 penningames
448 921 192 37 tilökande,
668 923 52 31 for
746 921 142 34 hwilket

71 968 43 32 de
140 968 88 32 dock
256 968 78 33 böra
358 967 149 46 prasftera
535 967 155 46 ruftning.
751 968 139 34 Stadens

71 1014 164 33 inwänare
261 1014 64 32 och
352 1014 185 33 handlande
563 1025 52 34 aga
638 1015 64 32 ock
728 1014 159 45 åtikillige

71 1058 187 47 faftigheter
283 1061 37 45 pä
343 1061 112 33 landet
475 1063 38 31 af
527 1061 221 42 hvarjehanda
773 1070 114 29 natur,

74 1106 64 32 och
154 1111 9 28 i
180 1106 195 45 iynnerhet,
410 1107 71 33 dels
503 1121 14 19 a
541 1117 80 34 egne
643 1106 71 34 dels
728 1108 20 32 H
772 1107 118 33 andras

73 1162 88 33 ägor,
177 1164 17 29 5-
213 1153 161 44 Sågwårk,
386 1152 67 34 fom
469 1154 149 34 tilwårka
632 1152 114 36 bråder
760 1153 37 33 til
809 1164 81 35 egen

74 1198 226 34 förnödenhet
323 1200 64 32 och
403 1200 208 46 utikepning.

167 1245 54 33 Wi
238 1244 78 35 ilute
332 1246 74 32 med
417 1247 134 36 onlkan,
564 1256 31 23 at
609 1245 60 34 den
680 1245 132 44 Nådige
823 1244 45 34 Gu-

73 1290 81 39 den,
182 1292 106 32 källan
304 1292 35 32 til
357 1292 41 31 all
416 1289 160 51 wålgåhe,
594 1294 126 32 gardes
739 1291 151 46 wålfigna

76 1338 64 33 wår
162 1338 165 45 lyckeliga
350 1338 116 43 början
491 1341 8 30 i
517 1338 265 46 Hushållningen
814 1338 76 33 med

75 1385 37 31 ån
129 1385 201 44 lyckeligare
347 1385 161 44 fortgång;
525 1385 64 32 och
608 1385 135 38 förläna,
763 1395 30 23 at
793 1385 10 44 1
812 1387 59 30 San-

76 1434 81 39 ning-
179 1432 64 32 och
267 1431 180 43 Redlighet
477 1431 48 32 må
546 1431 44 33 bo
620 1435 8 29 i
652 1432 62 33 alla
737 1429 154 36 Swenfka

122 1476 147 39 hiertati,
297 1476 196 46 wålfignelfe
515 1478 65 32 och
604 1479 128 32 trcihad
757 1481 7 30 i
781 1478 63 34 alla

205 1524 73 39 hus,
299 1521 79 36 famt
398 1524 66 33 frid
481 1525 62 32 och
562 1524 106 45 glädje
682 1528 9 30 i
709 1525 36 34 he-

397 1570 29 33 la
442 1570 127 34 landet!
